1846 3184
678 327 939 371 SATIRA
959 328 1032 370 Ὗ.

1459 334 1535 376 131

265 414 417 457 Finem
438 411 586 455 animo
609 421 777 452 certum
790 441 804 464 ‚
821 410 1072 468 miserisque
1087 383 1243 452 viatica
1259 412 1388 454 mnis.
1501 420 1546 454 65

265 491 368 532 Cras
381 481 466 531 hoc
484 487 568 530 fiet.
587 486 710 530 Idem
727 501 821 529 cras
835 486 921 530 fiet.
941 485 1093 542 Quid?
1114 487 1246 541 Quasi
1264 503 1471 547 magnum

259 564 430 623 Nempe
447 563 563 606 diem
580 562 748 606 donas?
765 563 850 606 Sed
862 595 875 618 ‚
894 566 995 606 cum
1010 563 1087 606 lux
1103 563 1236 606 altera
1249 565 1390 618 venit,

207 686 290 726 apta
305 678 380 712 visa
406 687 459 713 est
478 677 597 712 abbati
617 681 663 711 le
683 679 856 718 Μοηηίεν,

167 759 171 764 .
208 732 272 780 qui
290 731 493 767 casauboni
516 739 552 766 et
573 730 856 778 precedentium

206 785 449 832 interpretum
463 784 741 832 explicationem
757 796 857 818 secu·

206 846 267 872 tus
275 832 338 873 est.
347 838 460 872 Porro
466 837 588 872 -videat
596 838 858 872 lecton-Juve-

207 887 611 936 unaqueunaque-Supra
622 888 766 922 cit.viro
774 887 859 922 doc-

208 950 248 976 to
269 943 406 975 nideror
418 942 591 975 assentior
602 966 613 982 ‚
633 939 732 988 quod
746 940 792 975 ad
807 941 860 974 in-

209 995 504 1042 terpretationem
521 994 695 1028 horumce
707 993 860 1027 vocabu-

209 1047 329 1081 lorum
339 1050 538 1092 juvenesque
553 1059 707 1091 senesque
720 1046 859 1080 attinet.

209 1099 354 1134 Persius
366 1099 565 1146 alloquitur
573 1101 740 1147 juvenes,
754 1109 789 1134 et
796 1100 858 1133 ait:

206 1154 311 1197 petite
331 1154 424 1192 hinc,
445 1152 483 1186 id
505 1160 577 1195 est,
598 1165 617 1186 e
635 1152 863 1199 philosophia

212 1204 369 1240 Cornuti
381 1205 438 1239 vel
456 1205 651 1239 stoicorum
660 1230 670 1247 ‚
683 1213 863 1252 praecepta

210 1259 346 1306 quibus
355 1259 517 1298 utamini,
525 1267 560 1292 et
569 1258 606 1292 in
614 1259 861 1305 juventute,et

211 1313 251 1346 in
268 1308 449 1346 senectute
461 1313 583 1358 ;finem
597 1313 707 1344 anim>
718 1320 855 1350 certum,

213 1379 258 1398 un
279 1367 337 1398 buc
352 1377 431 1409 suge
455 1374 490 1397 et
508 1365 618 1397 assare<
627 1389 638 1403 ,
656 1364 719 1410 qui
741 1366 862 1398 miseris

210 1419 321 1458 canis,
344 1417 445 1451 vobis
466 1417 600 1451 vetulis
613 1417 693 1457 ‚³sit
718 1418 857 1450 viam-a.

211 1470 283 1504 Alii
306 1470 521 1516 interpretes
542 1469 619 1503 haec
637 1494 648 1511 ‚
662 1472 861 1514 juvenesque

208 1535 385 1566 senesque,
414 1522 595 1569 explicant
608 1547 618 1562 ,
644 1522 745 1568 quasi
771 1521 860 1556 Per-

209 1576 285 1610 sius
307 1569 551 1622 alloqueretur
574 1578 727 1622 juvenes
750 1584 785 1610 et
806 1588 861 1610 se-

151 1653 153 1655 ·
210 1641 293 1663 nes:
309 1629 419 1671 male,
434 1641 515 1662 meo
525 1628 677 1676 judicio.
696 1630 739 1662 A.

225 1678 229 1681 ⁷
258 1682 319 1716 65.
343 1684 454 1715 Finem
476 1684 586 1715 animo
610 1684 757 1727 certum]
777 1682 862 1716 Phi-

210 1735 383 1782 losophiae
400 1735 548 1779 moralis*
560 1735 730 1781 princeps
746 1747 861 1782 quaes-

211 1787 265 1821 tio
281 1796 336 1822 est
354 1786 401 1820 de
423 1786 640 1820 stabiliendo
658 1796 758 1821 recto
773 1787 860 1822 fine.

195 1849 197 1851 '
213 1836 401 1885 Sedjante,
410 1839 455 1873 ad
464 1848 527 1874 sat.
538 1839 611 1889 111,
621 1838 758 1874 dictum
769 1841 862 1874 satis.

213 1894 385 1925 —Misen’s
395 1894 522 1925 viatica
534 1894 635 1926 canis.
647 1891 741 1927 Hinc
749 1893 862 1939 petite

213 1944 305 1979 dum
322 1954 427 1992 potes
449 1944 614 1992 praesidia
636 1944 805 1980 adversus
821 1958 863 1980 ea

213 1997 305 2032 mala
314 1999 447 2045 quibus
456 2006 509 2033 est
517 2007 681 2033 senectus
690 1999 861 2042 obnoxia;

214 2058 268 2086 est
294 2052 392 2086 enim
416 2054 437 2090 ἧ
466 2051 607 2087 παιδεία
638 2053 786 2092 amnem
814 2058 860 2100 τῷ

212 2105 299 2151 γήρᾳ
317 2102 455 2151 ἐφόδιον.
477 2105 520 2140 C.

159 2162 194 2189 Ο
261 2157 321 2190 66.
341 2158 418 2190 Cras
435 2157 595 2203 hocfiee]
614 2155 699 2191 Haec
717 2155 863 2205 ὃιαλογι·

212 2213 292 2250 κῶς-
321 2210 407 2245 Cras
429 2211 500 2245 hoc
526 2210 610 2252 fiet,
631 2211 680 2244 ait
699 2223 796 2245 unus
816 2213 889 2246 ex'

212 2262 271 2296 his
283 2274 373 2310 quos
386 2261 432 2297 ad
449 2262 686 2310 philosophiae
700 2262 864 2297 studium

213 2314 324 2349 modo
337 2314 549 2349 adhortatus
563 2323 650 2350 erat.
666 2314 862 2350 Procrasti-

212 2368 312 2402 natio
329 2377 450 2403 autem
465 2369 569 2404 fatale
585 2369 721 2404 malum
731 2371 863 2416 juven-

213 2420 325 2461 tutis,
342 2433 423 2468 quae
439 2434 486 2455 ne
505 2421 638 2468 cogitat
657 2421 805 2468 quidem
824 2421 862 2454 in

212 2474 352 2519 jactura
370 2475 545 2521 temporis
571 2484 751 2521 quantum
766 2474 864 2508 dam-

215 2536 308 2558 num
330 2525 416 2570 fiat;
442 2526 540 2561 unde
569 2526 663 2560 illud
690 2526 863 2560 familiare

908 678 1029 714 stoicis
1039 686 1259 726 praeceptum
1268 704 1280 722 ‚
1288 693 1392 724 parce
1401 685 1537 726 tempori
1541 697 1552 715 .-

909 732 1007 767 unde
1036 745 1181 779 quoque
1204 733 1376 779 Nigrinus
1395 734 1555 770 Platoni-

908 798 992 827 cus,
1013 794 1054 819 ut
1072 786 1183 819 refert
1203 786 1407 829 Lucianus‚
1425 788 1555 822 solitus

909 840 983 874 suis
1015 838 1200 886 discipulis
1228 840 1409 876 inculcare
1424 868 1434 882 ‚
1458 833 1555 884 ᾘξίου

911 894 1090 939 ἀμέλλητον
1110 889 1191 926 εἶναι
1215 894 1273 930 τὴν
1297 895 1375 940 πρὸς
1399 896 1435 928 τὸ
1458 897 1556 930 καλὸν

912 946 1189 991 &purim—Idem
1214 957 1290 979 cras
1306 948 1383 992 fiet.
1412 947 1562 994 Excipit

911 997 1063 1031 Persius.
1077 996 1182 1032 Idem
1194 1009 1271 1032 cras
1283 997 1380 1033 dices
1393 1009 1430 1034 et
1441 1000 1564 1035 facies.

913 1051 1085 1085 Martialis
1098 1076 1108 1093 ‚
1126 1051 1191 1085 lib.
1206 1052 1256 1093 V,
1273 1053 1367 1100 epig.
1383 1053 1427 1098 59
1441 1067 1450 1087 ε

914 1121 988 1151 Cras
1007 1127 1037 1152 te
1050 1120 1219 1158 victurum,
1233 1132 1300 1152 cras
1317 1122 1412 1159 dicii,
1428 1123 1562 1155 Postha-

997 1178 1065 1203 me,
1081 1178 1211 1208 semper.

956 1215 1016 1246 Dic
1040 1216 1116 1245 mihi
1140 1226 1206 1246 cras
1230 1215 1315 1246 istud
1330 1238 1340 1253 ‚
1364 1217 1531 1248 Postliume
1550 1241 1562 1256 ,

995 1262 1121 1302 quando
1136 1263 1243 1292 venit?

914 1307 1015 1346 Quam
1035 1308 1127 1350 longe
1142 1315 1189 1339 est
1210 1320 1276 1339 cras
1295 1309 1397 1340 istud!
1418 1311 1475 1342 ubi
1492 1313 1565 1342 est?

994 1362 1048 1386 ant
1060 1355 1144 1385 unde
1156 1356 1323 1396 petendum
1334 1358 1349 1385 Ρ

953 1401 1114 1442 Numquid
1134 1403 1218 1442 apud
1238 1404 1367 1433 Parthos
1385 1404 1564 1435 Armenios·

995 1459 1057 1489 que
1076 1450 1151 1479 latet
1160 1452 1174 1479 ?

911 1498 980 1527 Iam
997 1506 1064 1526 cras
1081 1495 1164 1526 istud
1182 1497 1276 1527 hahet
1291 1497 1406 1527 Priami
1422 1498 1472 1529 vel
1484 1500 1564 1530 Nes-

995 1541 1071 1570 toris
1089 1551 1204 1570 annos:

953 1590 1027 1620 Cras
1047 1588 1130 1618 istud
1150 1589 1275 1629 quanti,
1291 1589 1342 1620 dic
1358 1590 1453 1626 mihi,
1466 1593 1565 1631 possit

995 1635 1077 1665 emi?

913 1684 987 1714 Cras
1000 1682 1083 1711 vives
1095 1692 1103 1711 t
1118 1682 1212 1711 hodie
1223 1682 1287 1721 jam
1298 1682 1401 1713 rivere
1410 1706 1420 1720 ‚
1431 1684 1565 1715 Posthu·

996 1739 1045 1758 me
1055 1751 1064 1764 ,
1078 1739 1178 1758 serum
1191 1736 1245 1758 est.

955 1775 1021 1851 Ilhle¹
1026 1775 1121 1826 sapit,
1137 1775 1288 1815 quisquis,
1299 1776 1477 1815 Posthumc,
1486 1778 1567 1808 vixit

1021 1831 1076 1851 eri.
1442 1825 1478 1854 C.

916 1910 963 1916 —
975 1891 1064 1932 Quid
1068 1895 1087 1922 ,ν’
1103 1891 1201 1933 quasi
1212 1903 1368 1934 magnum
1377 1916 1391 1931 ‚
1405 1902 1466 1925 etc.
1480 1892 1565 1927 Res-

914 1941 1055 1989 pondet
1077 1942 1239 1989 ignavus.
1258 1943 1415 1979 Tantine
1437 1954 1489 1980 est
1506 1947 1569 1980 vel

914 2008 1024 2029 unam
1038 1994 1188 2030 differre
1201 1994 1317 2037 diem,
1331 1997 1421 2044 quin
1441 2007 1477 2032 et
1494 1999 1565 2033 lar-

912 2049 981 2095 giri
1009 2047 1152 2083 dubites
1168 2048 1185 2082 ?
1206 2049 1265 2084 Sic
1286 2051 1457 2097 juveneS‚
1479 2054 1565 2086 cum

913 2101 1153 2136 admonentur
1177 2110 1219 2136 ut
1242 2102 1328 2137 vitia
1353 2105 1531 2150 corrigant
1554 2129 1564 2144 ‚

913 2154 1106 2202 studiaque
1127 2155 1274 2190 virtutis
1302 2164 1338 2190 et
1362 2156 1565 2190 litterarum

914 2209 1113 2255 suscipiant
1127 2233 1138 2248 ‚
1156 2207 1254 2242 diem
1274 2221 1321 2242 ex
1336 2207 1394 2242 die
1410 2208 1564 2243 ducunt.

915 2261 1007 2295 Nam
1021 2262 1106 2308 quia
1118 2260 1194 2295 dies
1209 2273 1306 2294 unus
1318 2262 1397 2293 vitae
1412 2261 1470 2295 vel
1486 2275 1564 2296 mo-

916 2313 1006 2348 dicae
1036 2326 1118 2360 pars
1148 2313 1351 2346 multesima
1379 2320 1453 2356 est;
1479 2313 1564 2348 ideo

914 2369 1091 2414 jacturam
1114 2366 1222 2399 unius
1249 2364 1323 2398 diei
1350 2377 1420 2411 pro
1448 2366 1565 2401 nihilo

915 2419 1106 2465 pendunt;
1126 2417 1227 2464 quod
1252 2418 1312 2451 hic
1333 2418 1566 2454 vehementer

915 2472 1058 2505 Persius
1075 2468 1322 2516 reprehendit.
1340 2471 1382 2505 C.

966 2526 1025 2569 67.¹
1050 2524 1116 2555 Sed
1135 2525 1208 2555 ciam
1232 2524 1291 2555 lux
1313 2524 1421 2556 altera
1440 2526 1568 2571 venie]
1614 2557 1617 2559 .

264 2630 308 2660 V.
324 2631 383 2662 66.
399 2631 476 2663 Cras
492 2631 552 2663 hoc
562 2631 636 2678 fiet.
650 2631 738 2662 Idem
752 2641 825 2661 cras
833 2630 906 2674 fiet.
924 2629 1006 2662 Cod.
1024 2628 1195 2660 Fauchetii
1209 2640 1216 2660 :
1233 2640 1304 2660 cras
1317 2628 1458 2676 hoc-fiet.
1471 2631 1560 2663 Idem

219 2691 293 2712 eras
299 2682 378 2726 fiat.

266 2735 309 2765 V.
326 2736 383 2774 67.
403 2737 467 2767 Sed
476 2738 548 2768 cum
562 2737 621 2768 Ius
634 2737 740 2768 altera
754 2735 857 2766 venit.
873 2735 955 2769 Cod.
969 2742 1100 2768 noster:
1116 2734 1174 2767 sed
1180 2734 1256 2778 j'am
1267 2735 1328 2766 lux
1338 2735 1444 2769 altera
1454 2738 1560 2769 venit.

218 2786 296 2820 Non
310 2788 393 2820 male
412 2796 500 2821 certe
510 2813 522 2833 ,
539 2797 570 2822 et
587 2790 670 2822 forte
684 2789 837 2822 vividius.

1281 2850 1325 2892 9.
