1846 3184
339 242 395 285 50

676 244 726 284 A.
759 242 1013 285 PERSII
1054 244 1305 286 FLACCI

393 325 514 366 Heus
531 338 607 382 age
618 355 630 377 ‚
647 324 880 382 responde;
898 325 1128 367 minimum
1145 336 1206 367 est
1221 325 1338 383 quod
1353 327 1460 368 scire
1474 326 1649 370 laboro:

392 401 457 442 De
474 401 577 442 Jove
593 399 698 457 quid
715 401 843 442 sentis
859 399 877 441 Ρ
897 401 1026 454 Estne
1044 411 1092 442 ut
1111 417 1359 459 praeponere
1377 417 1498 444 cures

393 477 523 518 Hunc
535 475 763 534 cuiquam?
777 471 986 518 Cuinam?
999 478 1074 520 Vis
1084 478 1212 520 Staio.
1225 479 1294 519 An
1307 478 1470 520 scilicet
1482 478 1644 522 haeres?

393 552 499 606 Quis
520 551 662 610 potior
676 551 829 608 judex,
846 553 1043 610 puerisve
1061 555 1158 610 quis
1175 553 1316 611 aptior
1333 552 1481 595 orbis?

1624 572 1670 594 20

391 628 488 670 Hoc
506 629 659 687 igitur,
679 643 766 685 quo
789 639 837 669 tu
854 629 967 671 Jovis
988 644 1136 672 aurem
1153 630 1371 688 impellere
1389 640 1547 683 tentas,

383 768 399 790 1
405 768 436 802 7.
449 759 533 788 Heus
541 768 603 799 age
610 780 621 794 ,
633 758 704 799 eta]
711 753 974 788 venustissimo

333 808 541 854 dialogismo
576 808 721 842 stultam
757 807 976 854 impietatem

332 875 459 896 eorum
472 861 701 908 reprehendit
712 885 722 902 ‚
737 861 801 907 qui
813 860 977 894 scelerata

331 923 413 949 vota
433 915 508 948 Diis
527 914 699 952 offerunt.
715 912 842 958 Arguit
857 920 978 946 autem

334 970 371 1002 ἐκ
395 972 451 1002 τοῦ
481 970 599 1015 μᾶλλον
629 966 684 1000 ’καὶ
708 963 818 1003 ἦττον.
846 966 977 1000 Nullus

333 1019 564 1067 quantumvis
580 1018 768 1052 sceleratus
782 1030 849 1064 pro
865 1018 979 1051 tribu-

332 1073 405 1106 nali
433 1071 547 1119 judex
577 1070 701 1104 sedens
726 1082 850 1105 vocem
881 1070 977 1104 illius

332 1124 424 1157 seret
434 1148 446 1163 ,
467 1122 530 1170 qui
547 1122 630 1156 talia
649 1135 668 1156 a
682 1134 719 1156 se
733 1130 830 1169 petat
843 1135 852 1155 :
867 1130 902 1156 et
915 1123 938 1156 J
940 1134 979 1155 u-

334 1177 431 1224 piter
447 1174 566 1210 feret?
584 1175 627 1208 C.

383 1243 438 1277 18.
461 1245 683 1287 Praeponere.]
703 1242 858 1286 Pietate,
876 1255 975 1278 sanc-

331 1297 432 1332 titate
446 1306 480 1331 et
490 1297 639 1342 justitia.

381 1376 438 1409 19.
454 1366 587 1397 Cuinam
597 1364 632 1409 Ρ]
652 1363 824 1397 Nondum
836 1363 975 1398 Persius

312 1427 478 1452 'sensum
507 1417 725 1458 absolverat,
747 1419 830 1450 cum
854 1417 974 1451 volen-

331 1478 405 1504 tem
420 1469 588 1503 sciscitari
606 1469 649 1503 ab
669 1469 737 1503 isto
749 1494 760 1510 ‚
775 1481 894 1514 annon
911 1471 933 1503 J
935 1482 974 1503 o-

333 1536 415 1557 vem
438 1523 563 1570 quovis
584 1521 705 1568 judice
729 1523 887 1557 humano
909 1535 974 1569 po-

331 1577 462 1610 tiorem
475 1583 509 1610 et
519 1575 706 1623 justiorem
718 1585 861 1622 putaret
875 1601 886 1618 ‚
899 1589 975 1611 ava-

330 1642 393 1664 rus
405 1629 595 1663 antevertit
612 1629 787 1676 petitione
805 1630 870 1663 ista
880 1654 891 1671 ‚
906 1632 973 1662 cui-

331 1689 435 1716 nam?
451 1683 551 1729 quasi
567 1683 786 1729 stupefactus
801 1683 910 1730 hujus
921 1684 974 1717 in-

333 1736 580 1781 terrogationis
615 1735 773 1769 novitate
800 1748 809 1768 t
842 1735 974 1782 excipit

332 1797 453 1822 autem
474 1787 636 1830 Persius,
656 1789 709 1820 vis
735 1789 822 1820 Staio
837 1801 850 1820 .-
875 1788 975 1834 quasi

332 1838 502 1872 dixisset:
518 1847 559 1872 tu
577 1839 653 1884 ipse
670 1851 689 1871 a
711 1850 767 1871 me
790 1838 880 1884 petis
900 1838 974 1872 cui-

331 1904 416 1925 nam
440 1890 554 1936 judici
581 1891 743 1937 praeponi
771 1891 881 1937 possit
907 1892 973 1925 Ju-

332 1944 428 2000 piter
437 1943 452 1977 ?
462 1943 623 1990 Agedum
633 1968 642 1983 ,
655 1944 821 1990 eligamus
834 1945 976 1990 nequis·

333 1998 464 2032 simum
489 1997 694 2037 hominem,
717 2000 858 2036 Staium,
875 1998 975 2032 verbi

333 2052 459 2100 gratia.
474 2071 522 2076 —-
539 2051 636 2084 Staio.
666 2051 721 2084 Ex
751 2050 898 2084 historia
923 2051 974 2085 fa-

335 2104 524 2138 mosissimi
547 2103 643 2137 illius
670 2102 797 2149 judicii
825 2104 846 2136 J
849 2104 973 2137 uniani

335 2152 443 2203 quam
454 2165 571 2190 narrat
584 2157 636 2190 M.
650 2155 748 2189 Tull.
762 2156 800 2189 in
812 2157 916 2190 Verr.
933 2169 972 2191 ac

333 2224 402 2257 pro
426 2210 510 2244 Aul.
540 2209 683 2243 Cluent.
713 2218 895 2244 mutuatus
920 2218 972 2243 est

334 2263 476 2298 Persius
487 2275 619 2298 nomeu
631 2264 732 2302 Scaii;
745 2262 864 2296 nullus
877 2263 973 2296 enim

1027 767 1188 801 unquam
1214 754 1277 789 illo
1301 756 1444 802 turpior
1470 763 1531 789 aut
1555 755 1677 802 inqui·

1028 808 1144 841 natior
1155 808 1224 841 fuit
1232 806 1397 854 judicum
1411 819 1604 841 consessu&
1614 808 1672 842 Ex

1028 873 1071 894 eo
1085 873 1235 895 numero
1250 861 1396 895 fuerunt
1413 861 1466 894 illi
1486 869 1555 895 tres
1569 863 1672 894 Scaie-

1029 927 1088 946 πω
1103 938 1114 953 ,
1140 916 1236 947 Gutta
1250 938 1261 953 ,
1284 917 1425 953 Bulbus,
1448 927 1540 961 quos
1565 915 1672 948 toties

1029 966 1180 1012 exagitat
1215 966 1352 1000 Cicero.
1389 967 1443 1000 De
1477 969 1564 1000 Staio
1597 967 1674 1001 sive

1030 1020 1178 1057 Staieno,
1194 1018 1260 1064 qui
1275 1019 1314 1052 in
1327 1031 1368 1052 ea
1381 1029 1483 1053 causa
1493 1018 1605 1065 judex
1617 1031 1671 1053 se·

1030 1069 1096 1112 dit,
1108 1070 1217 1104 multa
1226 1069 1322 1104 idem
1329 1070 1469 1105 Ciceros
1479 1072 1672 1117 precipue,

1030 1122 1129 1170 quod
1139 1124 1325 1170 conjugem
1335 1135 1435 1157 suam
1447 1123 1583 1170 primo,
1593 1132 1671 1158 tum

1030 1177 1176 1210 fratrem
1188 1201 1200 1218 ‚
1219 1176 1409 1223 fratrisque
1430 1188 1580 1215 uxorem
1598 1171 1675 1223 gra-

1027 1229 1148 1263 vidam
1173 1228 1357 1264 sustulerit
1369 1254 1380 1272 ‚
1397 1229 1561 1263 Asinium
1586 1229 1672 1264 item

1027 1283 1227 1317 Larinatem
1247 1308 1258 1324 ‚
1277 1282 1535 1317 adolescentem
1562 1294 1674 1329 pecu·

1027 1337 1170 1370 niosum
1181 1362 1192 1379 ‚
1206 1338 1355 1370 Romam
1369 1335 1551 1370 blanditiis
1569 1335 1672 1370 allec-

1027 1398 1106 1423 tum
1135 1389 1264 1422 Arullii
1293 1401 1402 1436 opera
1429 1389 1647 1423 interfecerit
1659 1413 1673 1431 ,

1025 1443 1177 1489 aliisque
1186 1443 1376 1476 sceleribus
1387 1446 1494 1489 qnam
1504 1442 1671 1488 plurimis

1025 1507 1062 1529 se
1091 1495 1397 1530 contaminaverit.
1410 1498 1523 1528 —An
1549 1497 1674 1528 scilicet

1025 1550 1152 1582 hares?
1166 1550 1221 1582 An
1252 1548 1383 1582 scilicet
1408 1547 1552 1582 dubitas
1576 1548 1670 1583 sitne

1026 1603 1113 1634 Staio
1139 1601 1282 1646 Jupiter
1299 1599 1541 1648 praeferendus
1552 1625 1564 1642 ‚
1580 1600 1672 1634 sitne

1025 1654 1152 1687 melior
1173 1652 1284 1700 Jndex
1301 1677 1313 1695 ‚
1342 1653 1432 1688 sitne
1458 1653 1576 1700 aptior
1601 1665 1670 1699 pu-

1024 1702 1119 1754 Pillis
1133 1714 1232 1741 tutor
1242 1706 1258 1739 Ρ
1273 1707 1316 1741 C.

1076 1800 1094 1821 2
1102 1799 1130 1821 1.
1148 1790 1216 1820 Hoc
1231 1789 1350 1832 igitur,
1363 1789 1438 1831 eta]
1457 1786 1600 1821 Sustine
1613 1798 1670 1821 ea-

1027 1839 1109 1874 dem
1133 1839 1230 1887 apud
1261 1839 1444 1874 hominem
1472 1839 1674 1886 perditissi-

1026 1906 1128 1927 mum
1144 1892 1266 1939 loqui,
1280 1900 1315 1926 et
1339 1891 1462 1926 eadem
1479 1899 1562 1926 vota
1579 1903 1672 1925 nun-

1027 1958 1178 1991 cupare,
1195 1957 1274 1991 quae
1293 1943 1391 1991 apud
1410 1945 1535 1979 Jovem
1555 1943 1672 1978 confi-

1026 1998 1152 2032 denter
1162 1999 1332 2045 loqueris.
1345 1998 1475 2032 Seneca
1483 2021 1495 2039 ‚
1507 1997 1607 2044 epist.
1618 1997 1669 2031 X.

1025 2054 1120 2085 Nunc
1128 2062 1253 2095 quanta
1264 2053 1423 2085 dementia
1431 2061 1478 2084 est
1485 2052 1669 2084 hminum?

1028 2107 1218 2149 Turpissima
1239 2115 1322 2138 vota
1349 2106 1429 2138 Diis.
1443 2107 1670 2137 insusurrant:

1022 2160 1052 2191 si
1058 2160 1129 2202 quis
1134 2161 1208 2190 adm
1211 2160 1310 2191 overie
1313 2169 1438 2196 aurem,
1445 2157 1670 2194 conticescent,-

1024 2221 1056 2244 et
1072 2213 1162 2254 quod
1174 2213 1254 2243 scire
1271 2211 1431 2243 homiaem
1447 2211 1582 2247 nolunt,
1596 2211 1668 2241 Deo

1023 2263 1323 2297 narrane.c.-Jov.
1331 2274 1406 2295 aur.
1415 2262 1533 2305 impell.
1541 2261 1564 2294 J
1565 2272 1669 2295 ovem

382 2384 425 2413 V.
445 2392 497 2423 19.
513 2381 670 2423 Cuiquam
680 2384 698 2412 Ρ
714 2383 764 2412 Ita
783 2380 888 2412 codex
906 2380 1051 2423 optimus
1074 2380 1300 2417 Mazarinens,
1313 2378 1546 2410 Mentellianus
1564 2384 1597 2408 et
1613 2378 1671 2409 alii

337 2437 468 2478 optimi.
476 2438 550 2467 Vet.
563 2435 666 2466 schol.
679 2434 833 2466 cuinam?
844 2441 876 2465 et
887 2434 933 2464 ita
950 2433 1105 2464 distinxit
1122 2433 1260 2466 casaub.
1275 2434 1362 2463 Pers.
1373 2433 1469 2463 Estne
1489 2439 1526 2462 ue
1538 2442 1672 2473 praepo-

338 2501 413 2520 nere
429 2500 520 2520 cures
533 2488 644 2519 hunc?
660 2489 759 2519 Avar.
774 2487 930 2518 cainam?
945 2486 1203 2518 Cuinam?·Pers.
1218 2485 1272 2516 Vis
1286 2485 1384 2516 Staio.
1401 2485 1471 2526 Ego
1488 2492 1600 2515 autem
1621 2485 1670 2515 iu

339 2542 510 2584 distinguo
519 2548 552 2572 et
559 2541 725 2583 intelligo:
740 2542 827 2571 Pers.
838 2541 932 2571 Estne
945 2546 982 2570 ue
987 2550 1178 2581 proeponere
1194 2549 1284 2569 cures
1295 2537 1382 2568 hunc
1393 2536 1563 2578 cuiquam?
1569 2538 1670 2568 Avar.
1729 2537 1743 2546 ⁶

340 2596 472 2629 cuinam
481 2599 498 2626 ,3
511 2598 598 2627 Pers.
613 2595 666 2626 Vis
683 2594 780 2625 Staio.
795 2594 871 2625 Vid.
887 2604 959 2636 sup.
974 2604 1093 2625 comm.
1105 2592 1190 2626 eod.
1199 2598 1325 2630 noster,
1337 2591 1507 2633 cuiquam?
1517 2590 1671 2624 Cuinam?

385 2649 425 2678 V.
441 2659 492 2678 21.
511 2648 620 2690 Igitur.
639 2647 754 2681 Codex
770 2653 899 2688 noster,
916 2657 1002 2689 ergo.
