1846 3184
352 269 432 297 110

685 255 735 296 A.
769 254 1012 297 PERSII
1050 255 1305 299 FLACCI

405 338 576 378 Caecum
595 337 750 379 vulnus
775 337 930 391 habes;
950 337 1024 380 sed
1046 338 1131 380 lato
1155 339 1319 382 balteus
1343 354 1447 382 auro

407 413 615 472 Praetegit.
642 413 702 454 Ut
724 414 879 467 mavis,
903 413 955 460 da
978 414 1130 468 verba,
1152 426 1195 457 et
1215 415 1363 474 decipe
1381 421 1559 470 nervos,⁴
1641 420 1686 466 43

406 489 451 530 Si
474 500 610 547 potes.
638 489 870 548 Egregium
894 493 993 532 cum
1018 505 1087 533 me
1106 492 1267 533 vicinia
1293 492 1428 546 dicat,

404 565 504 607 Non
527 565 727 608 credam?
746 566 851 608 Viso
873 567 909 608 si
931 567 1085 624 palles,
1106 568 1327 626 improbe,
1344 583 1547 622 nummo,

348 697 399 727 Sic
421 696 569 727 novimus.
594 693 668 727 Hac
695 693 807 739 igitur
831 694 992 737 ratione,

347 748 555 781 interiorem
569 747 679 780 vitam
698 754 796 780 tuam
807 771 818 788 ‚
833 750 854 780 ὀ
873 748 968 781 Nero
980 773 991 789 ‚

346 801 590 848 cognovimus,
600 809 634 834 et
647 799 775 846 flagitia
790 808 994 847 tua‚quam·

350 856 403 888 vis
419 853 570 888 adhuc-a
584 861 619 886 te
636 853 872 895 dissimulata,
887 854 991 888 habe·

345 921 426 942 mus
445 916 540 942 nota.
558 908 600 941 L.

393 977 452 1014 44.
485 975 608 1006 Caecum
633 974 757 1005 vulnus
783 973 882 1005 habes
908 973 991 1016 (ilia

343 1030 449 1059 subter
466 1026 516 1071 ).]
548 1026 627 1059 Jam
661 1025 728 1059 tibi
758 1025 925 1059 conscius
956 1038 992 1060 es

346 1079 544 1112 multarum
569 1076 762 1111 libidinum
780 1103 790 1118 ‚
814 1078 992 1124 plurium-

346 1143 419 1176 que
433 1129 606 1163 scelerum
624 1141 643 1162 a
658 1137 692 1162 te
705 1129 795 1163 clam
808 1138 992 1176 perpetra-

345 1192 482 1217 torum.
502 1203 549 1208 -—
573 1184 638 1215 Sed
660 1184 727 1215 lato
759 1185 881 1215 balteus
909 1196 991 1215 auro

336 1237 500 1280 proetegit.
517 1234 587 1268 Sed
604 1234 735 1281 flagitia
754 1247 833 1281 quae
849 1244 991 1281 patran-

345 1296 408 1321 tur
425 1300 444 1320 a
463 1295 497 1320 te
515 1285 679 1333 quotidie
698 1294 848 1332 propter
864 1296 990 1332 poten-

343 1342 432 1375 tiam
461 1349 561 1374 tuam
585 1339 804 1373 abscondere
828 1348 862 1373 te
887 1353 991 1387 posse

343 1392 497 1427 confidis
507 1418 517 1434 ‚
532 1393 677 1426 nemine
689 1392 861 1434 audente,
877 1401 938 1426 aut
952 1393 989 1426 in

342 1446 404 1480 illa
433 1446 638 1492 inquirere,
657 1454 718 1479 aut
741 1445 787 1479 de
809 1445 852 1479 iis
873 1446 988 1493 loqui.

345 1516 360 1529 «ι
375 1498 515 1532 Alludit
526 1523 536 1539 ‚
551 1498 671 1544 inquit
685 1497 831 1531 Casaub.
842 1497 886 1532 ad
897 1499 990 1532 ictus

344 1569 358 1582 ι
375 1564 467 1599 quos
491 1559 674 1598 acceperat
698 1559 811 1585 noctu
834 1564 899 1598 per
919 1552 990 1585 Ur-

345 1623 360 1636 «
374 1606 457 1640 bem
476 1604 760 1652 petulantissime
774 1616 904 1650 vagans
915 1630 926 1646 ‚
946 1613 989 1638 ut

345 1676 359 1689 a
376 1658 539 1692 scribunt
553 1658 650 1691 Suet.
665 1670 729 1704 cap
746 1659 789 1691 26
800 1683 811 1700 ‚
825 1666 861 1691 et
871 1657 987 1691 Tacit.

345 1729 359 1742 α
374 1713 469 1746 Anu.
490 1712 554 1745 lib.
577 1711 690 1745 XIII:
707 1711 766 1745 hic
780 1723 867 1745 vero
885 1711 989 1745 etiam

344 1783 359 1796 α
374 1765 476 1800 addit
492 1791 503 1807 ‚
526 1765 685 1800 vulneris
719 1765 898 1799 cicatrices
928 1777 990 1799 ore

345 1836 359 1849 ι
375 1819 584 1865 praetulisse.
599 1835 614 1848 ι
631 1840 676 1844 -
687 1820 828 1851 Balteus.
843 1816 990 1864 'Cingu-

341 1870 420 1904 lum
445 1870 597 1904 militare
623 1883 643 1903 e
669 1871 769 1903 corio
793 1870 920 1903 bibulo
937 1895 948 1911 ‚
970 1882 990 1904 e

343 1936 418 1970 quo
442 1936 538 1957 arma
561 1922 777 1969 dependent.
802 1923 989 1970 Metapho-

340 1976 437 2018 rice,
460 1989 528 2022 pro
554 1974 727 2022 dignitate
753 1983 788 2009 et
812 1977 986 2022 potentia.

341 2029 421 2063 Lati
436 2038 556 2063 autem
575 2038 676 2063 erant
691 2037 853 2063 veterum
867 2029 987 2063 baltei.

388 2085 443 2125 45.
470 2086 511 2116 Ut
532 2085 647 2123 mavis,
671 2085 715 2115 da
736 2084 865 2129 verbm]
893 2083 988 2130 Ergo

340 2138 488 2184 impone
514 2137 589 2171 aliis
617 2146 794 2183 quantum
819 2137 985 2178 libuerit,

342 2190 454 2224 immo
474 2197 510 2224 et
532 2189 607 2223 tibi.
633 2189 685 2223 Te
709 2202 857 2230 sanum,
880 2198 916 2223 et
941 2188 984 2222 ad

345 2243 465 2277 omnia
476 2242 654 2278 valentem
667 2250 702 2276 et
717 2241 823 2276 crede
837 2250 872 2275 et
883 2243 987 2288 jacta.

344 2298 443 2328 -Ee
460 2297 570 2339 decipe
590 2308 719 2334 nervos,
735 2297 764 2328 si
771 2304 873 2338 potes.
887 2294 990 2328 Vires

345 2349 454 2384 etiam
469 2357 547 2382 tuas
561 2348 714 2394 imperio
730 2347 877 2382 serendo
889 2360 991 2394 pares

344 2402 495 2444 aestima,
515 2410 571 2445 et,
592 2402 622 2436 si
650 2410 769 2436 tamen
794 2409 917 2448 potes,
936 2401 991 2434 ul-

1045 695 1170 730 tricem
1185 698 1436 732 conscientiam
1450 698 1551 741 falle,
1565 699 1690 734 similis

1046 756 1141 782 certe
1150 747 1192 781 iis
1201 748 1266 795 qui
1276 761 1469 783 nervorum
1478 749 1688 786 infirmitate

1043 801 1244 836 laborantes
1257 815 1361 838 sanos
1375 813 1494 838 tamen
1509 813 1546 838 et
1556 806 1688 852 Κρότω-

1043 867 1094 893 νος
1112 855 1289 901 ὖγιεςέρους
1311 868 1349 890 se
1364 857 1528 903 fingunt,
1549 870 1624 904 quo
1643 859 1687 891 li-

1043 906 1165 940 berius
1184 915 1220 941 et
1242 908 1380 943 Baccho
1407 918 1442 944 et
1456 911 1590 944 Veneri
1613 923 1687 945 ser-

1042 959 1151 993 viant.
1168 959 1293 994 Horat.
1309 961 1370 995 lib.
1384 963 1403 996 I
1415 987 1426 1003 ‚
1439 962 1542 1009 epist.
1562 966 1604 997 16
1620 976 1629 996 ε

1044 1018 1114 1047 Neu
1121 1041 1130 1054 ‚
1144 1018 1170 1048 si
1182 1025 1213 1048 te
1224 1019 1358 1059 populus
1370 1029 1477 1054 anum
1484 1026 1626 1061 reeteque
1635 1032 1688 1052 va·

1044 1064 1354 1146 Βῑοιῑιιῖῗῗᾞωιιω
1366 1091 1484 1141 febrem
1498 1111 1557 1141 snb
1569 1118 1688 1153 tempus

1124 1157 1237 1188 edendi

1044 1205 1222 1236 Dissimules
1231 1229 1240 1242 ‚
1256 1205 1355 1236 donee
1374 1206 1515 1236 manibus
1537 1216 1620 1236 mors
1640 1206 1688 1236 in-

1126 1253 1209 1283 cidat
1220 1253 1332 1283 unctis.

1043 1299 1213 1329 Stultorum
1220 1299 1359 1330 incurata
1368 1298 1470 1340 pudor
1480 1299 1577 1330 malus
1588 1299 1690 1331 ulcera

1126 1346 1213 1376 celat.

1042 1396 1134 1426 —Si
1143 1403 1243 1437 potes.
1262 1395 1385 1428 Recte.
1404 1394 1514 1440 Atqui
1531 1406 1607 1428 non
1622 1405 1689 1440 po-

1044 1447 1127 1480 teris
1137 1446 1201 1480 diu
1214 1446 1290 1480 aliis
1302 1447 1411 1480 verba
1423 1446 1522 1488 dare,
1533 1445 1691 1481 tandem-

1044 1511 1114 1545 que
1130 1500 1238 1546 hujus
1258 1499 1446 1533 dementiae
1464 1507 1534 1533 tuae
1545 1500 1689 1533 meritas

1042 1551 1118 1586 lues
1131 1565 1253 1599 poenas
1266 1565 1274 1586 x
1290 1551 1390 1598 quod
1405 1552 1511 1586 etiam
1523 1552 1655 1586 evenit.

1089 1607 1148 1646 46.
1177 1606 1348 1650 Egregium
1379 1607 1452 1638 ciam
1481 1617 1531 1637 me
1561 1606 1688 1637 vicinia

1041 1659 1149 1697 dicat,
1164 1671 1228 1691 ηοη
1243 1658 1420 1703 credam?]
1439 1657 1606 1704 Objectio
1620 1657 1689 1692 Ne·

1042 1710 1159 1752 renis,
1179 1723 1287 1757 quam
1304 1710 1422 1744 statim
1440 1714 1544 1757 poeta
1564 1709 1686 1744 diluit.

1042 1764 1139 1797 Dum
1157 1763 1276 1798 adhuc
1291 1763 1443 1798 laterent
1458 1763 1612 1797 Neronis
1625 1762 1689 1798 fla-

1042 1817 1125 1864 gitia
1135 1842 1146 1859 ,
1158 1829 1233 1851 non
1246 1817 1350 1864 pauci
1365 1817 1468 1851 illum
1479 1816 1688 1858 laudabant,

1042 1871 1137 1905 inter
1158 1884 1249 1918 quos
1275 1871 1382 1906 etiam
1405 1879 1442 1905 et
1465 1870 1631 1905 Bur-rhus
1653 1872 1690 1904 et

1042 1924 1194 1958 Seneca:
1210 1923 1273 1958 sed
1292 1924 1331 1958 hi
1348 1925 1389 1958 est
1409 1923 1528 1958 solum
1547 1931 1665 1957 mente
1678 1947 1689 1963 ,

1042 1986 1084 2011 ut
1101 1977 1386 2023 perditissimum
1401 1978 1571 2024 juvenem
1585 1989 1605 2010 a
1621 1988 1688 2023 pu-

1041 2030 1133 2064 blica
1146 2031 1292 2065 infamia
1305 2029 1550 2072 vindicarent,
1565 2031 1594 2064 si
1607 2042 1689 2078 pos-

1041 2092 1140 2127 sent;
1166 2085 1283 2119 caeteri
1311 2097 1397 2118 vero
1423 2084 1582 2131 principi
1610 2084 1687 2118 sine

1041 2149 1142 2171 more
1162 2150 1202 2171 ac
1223 2137 1364 2184 pudore
1382 2135 1685 2171 assentiebantur&

1041 2200 1164 2235 quare,
1179 2200 1251 2221 non
1270 2188 1346 2222 sine
1364 2200 1480 2229 causa,
1490 2189 1565 2222 haec
1575 2200 1656 2234 pars
1668 2200 1687 2222 a

1044 2241 1164 2274 Persio
1179 2239 1296 2273 addita
1305 2265 1316 2282 ‚
1329 2248 1371 2274 ut
1382 2241 1425 2273 ab
1438 2241 1562 2274 alienis
1575 2252 1690 2274 assen-

1043 2293 1218 2327 tatoribus
1227 2291 1271 2326 ad
1281 2305 1380 2327 suam
1389 2293 1500 2340 ipsius
1508 2294 1689 2327 conscien-

1044 2348 1128 2381 tiam
1141 2354 1334 2381 revocaret.
1361 2346 1404 2380 C.

1091 2404 1149 2447 47.
1169 2403 1199 2432 V
1197 2402 1242 2433 iso
1253 2401 1282 2433 .ςί
1286 2402 1392 2445 palles
1397 2425 1408 2440 ,
1422 2398 1584 2445 improbe,
1597 2413 1689 2433 num-

390 2522 432 2552 V.
452 2527 506 2558 44.
527 2522 686 2564 Praetegit.
703 2520 783 2552 cod.
799 2520 1032 2570 Thuanens-et
1049 2526 1178 2558 noster,
1185 2518 1346 2562 protegit,
1361 2519 1472 2551 miuus
1490 2519 1586 2552 bene.
1601 2519 1688 2558 Alii,

339 2574 511 2616 proetegit,
526 2586 585 2606 seu
595 2598 604 2613 ‚
617 2585 676 2617 per
689 2573 923 2616 compendium
934 2596 943 2612 ,
952 2573 1066 2617 ptegit.

389 2645 428 2672 V.
453 2651 506 2684 47.
532 2645 615 2676 Νοη.
638 2644 718 2678 Cod.
738 2644 937 2684 Thuanens,
957 2654 1065 2682 nunc;
1084 2642 1186 2683 male,
1203 2649 1235 2675 et
1254 2642 1323 2675 sine
1345 2653 1453 2675 sensu.
