1846 3184
308 228 364 269 62

563 227 616 268 A.
648 225 864 268 PERSII
895 226 1130 270 FLACCI
1160 227 1292 269 SAT.
1326 229 1390 269 II.

366 309 469 351 Haec
485 308 591 351 cedo
602 341 615 362 ,
633 320 681 350 ut
698 309 947 351 admoveam
965 310 1134 368 templis
1146 342 1158 362 ,
1175 321 1216 351 et
1235 310 1346 352 farre
1364 309 1513 352 litabo.
1605 314 1648 362 75

311 439 449 470 honesto.
462 437 604 471 Virtute
626 437 725 484 quasi
747 437 900 471 naturali
918 446 953 471 et

306 492 475 539 ingenita.
490 491 533 526 P.

357 546 401 591 75
408 571 416 578 .
427 548 505 578 Haec
515 547 592 577 cedo
599 570 610 584 ‚
623 554 659 577 ut
667 546 863 584 admoveam,
877 544 946 589 eta]

309 598 438 632 Sensus
452 605 503 631 est
516 609 524 629 τ
543 597 572 631 si
587 597 662 630 haec
680 609 758 643 quae
773 596 848 630 dixi
862 609 951 643 prae-

306 652 435 685 stiteris
455 676 466 692 ‚
490 651 562 684 sola
593 649 738 696 quidem
770 650 864 683 mola
892 650 951 683 Dii

308 705 546 751 placabuntur
561 728 571 745 ‚
597 703 636 737 id
663 711 715 737 est
728 729 738 746 ‚
761 704 862 737 facile
887 703 952 736 tibi

309 757 566 802 obsequentur,
578 763 612 789 et
624 768 746 801 preces
759 764 836 789 tuas
846 768 952 789 exau-

309 809 423 843 dient.
439 830 485 835 -—
503 811 595 843 Cedo.
623 809 786 842 Verbum
807 808 950 842 desecti-

307 875 394 897 vum
402 862 499 910 apud
509 864 662 896 comicos
671 863 950 905 usitatissimum3

307 915 347 949 id
360 924 428 957 est,
441 918 498 949 da.
509 937 555 942 -—
564 920 606 948 Ec
608 917 706 959 farre
720 918 827 948 litabo.
841 915 887 948 Et
898 915 951 949 le-

307 970 406 1004 viore
419 969 632 1003 munusculo
645 968 791 1014 placabo
802 968 953 1002 Deos.—

308 1024 418 1054 Litare
430 1023 525 1055 enim
540 1034 614 1055 non
630 1021 838 1067 simpliciter
851 1021 952 1054 sacri-

309 1073 433 1118 ficare;
447 1075 526 1118 sed,
543 1075 732 1117 sacrificio,
748 1074 847 1122 quod
860 1074 950 1121 peti-

311 1135 380 1168 tur,
387 1129 559 1162 obtinere.
568 1129 649 1170 Quo
660 1129 762 1169 circa,
770 1128 833 1162 soli
843 1128 947 1174 probi

1004 437 1073 473 viri
1094 439 1188 471 litare
1211 437 1382 472 dicuntur
1403 437 1572 484 proprie3
1592 451 1648 470 sa-

1003 493 1170 537 crificare,
1186 492 1350 538 quilibet,
1365 492 1468 525 etiam
1480 491 1648 538 improbi.

1003 545 1077 578 Tit.
1092 545 1170 580 Liv.
1185 545 1248 579 lib.
1263 546 1483 587 XXXVIII,
1497 557 1575 591 cap.
1589 557 1646 578 πο.

1003 603 1132 631 Postero
1162 601 1215 631 die
1243 600 1400 645 sacr-fficio
1421 599 1518 642 facto
1531 623 1541 638 ‚
1575 601 1648 630 cz‘tm

998 653 1111 695 primis
1127 652 1233 684 hostiis
1245 653 1375 684 litasset.
1392 651 1437 684 Et
1451 650 1593 684 Plautus
1606 650 1646 683 in

1004 704 1127 737 Persa:
1147 707 1225 736 Tum
1241 705 1367 748 Jupiter
1370 704 1501 747 faciae,
1522 712 1559 735 ut
1568 715 1650 735 sem-

999 771 1063 801 per·
1080 759 1254 804 sacrficem
1263 783 1274 797 ‚
1301 770 1359 789 nec
1379 769 1523 800 unquam
1546 757 1646 789 litem.

1003 815 1165 843 ——Farre.
1182 812 1235 844 De
1253 811 1318 844 hac
1337 808 1530 851 voce‚vid.
1550 807 1650 855 apud

1003 864 1132 898 Juven.
1147 872 1211 897 sat.
1234 864 1307 904 IX,
1322 876 1358 898 v.
1389 875 1466 896 122.
1490 863 1647 895 Demum

1002 919 1095 952 hanc
1106 918 1245 952 satiram
1256 917 1305 952 ita
1317 916 1500 952 concludit
1513 924 1552 949 ut
1561 916 1648 949 Por-

1005 972 1178 1017 phyrius‚
1193 971 1267 1017 περὶ
1286 971 1428 1015 ἀποχῆς,
1442 971 1507 1004 lib.
1524 971 1561 1003 II
1575 982 1583 1002 ε
1602 971 1646 1002 Τὸ

1004 1022 1169 1070 δαιμόνιον
1195 1026 1313 1071 μᾶλλον
1333 1025 1416 1070 πρὸς
1427 1024 1464 1057 τὸ
1481 1027 1545 1056 τῶν
1562 1022 1650 1055 θύον-

1003 1091 1066 1111 των
1095 1075 1168 1116 ἦθος
1183 1101 1194 1118 ,
1212 1077 1233 1114 ἢ
1255 1077 1339 1122 πρὸς
1351 1077 1389 1110 τὸ
1406 1080 1471 1109 τῶν
1489 1075 1645 1120 θυομένων

1002 1133 1118 1178 πλῆθος
1139 1131 1262 1174 βλέπει.
1284 1129 1326 1163 C.
1345 1137 1380 1163 et
1396 1128 1438 1162 Ρ.
1579 1154 1594 1171 ,
