1898 3216
313 289 369 317 xx
537 275 997 319 TESTIMONIA
1034 277 1123 318 DE
1160 276 1432 333 PERSIO.

365 360 650 405 Dmuznns,
676 374 727 397 ex
757 361 821 396 lib.
850 363 927 396 III
955 362 1166 397 Grammat.
1193 359 1314 396 Satira
1339 358 1484 396 dicitur
1507 370 1661 396 carmen

314 422 420 474 apud
452 425 647 477 Romanos
662 453 673 470 ‚
701 437 807 462 nunc
840 422 1001 474 quidem
1036 422 1271 460 maledicum
1286 451 1296 469 ‚
1324 431 1363 460 et
1390 422 1440 460 ad
1471 422 1664 474 carpenda

312 486 518 524 hominum
552 488 645 524 vitia
687 487 844 525 archaeae
880 487 1081 525 comoediae
1123 486 1336 524 charactere
1372 487 1662 538 compositum,

313 551 448 603 quales
474 552 709 602 scripserunt
734 551 907 589 Lucilius
930 579 941 597 ‚
972 551 1154 589 Horatius
1187 559 1226 588 et
1254 551 1407 588 Persius
1431 565 1440 588 :
1470 552 1537 589 sed
1568 552 1662 589 olim

313 629 467 653 carmen
477 644 487 662 ,
502 616 610 666 quod
625 629 673 653 ex
686 616 799 653 variis
815 615 1060 665 poematibus
1077 614 1296 662 constabat,
1314 615 1426 653 satira
1435 616 1660 662 vocabatur,

313 680 449 730 quales
467 681 703 731 scripserunt
720 679 909 717 Pacuvius
929 687 967 716 et
985 678 1145 716 Ennius.

367 770 497 805 CAsP.
529 769 698 805 Bima.
726 768 789 804 lib.
818 769 928 803 VIII
947 767 1174 816 Epiderpid.
1204 768 1324 817 epigr.
1357 766 1492 817 52,p.
1518 780 1606 817 127.

367 857 618 893 Tnznnzus
642 851 840 892 'Hmnus
870 853 964 903 (qui
989 854 1093 890 idem
1121 868 1208 891 cum
1234 854 1482 905 anrruo)
1510 856 1574 892 lib.
1597 858 1660 902 X,

316 920 595 969 Amphitheatr.
622 920 794 969 Sapient.
817 920 917 968 epig.
941 919 987 965 37
997 946 1010 964 ,
1022 933 1070 968 p.
1095 918 1180 955 160.

524 1009 579 1044 Ut
599 1020 621 1044 a
638 1006 792 1056 liquore
810 1014 928 1056 potus
947 1005 1231 1056 Hippocrenaeo

524 1074 600 1109 Dat
618 1071 790 1117 erudita,
813 1071 966 1108 Persius
978 1100 989 1118 ‚
1010 1070 1078 1108 sed
1096 1071 1273 1109 obscura.

366 1162 452 1196 Ina
466 1173 494 1195 Μ
521 1162 614 1197 TAR
626 1172 663 1195 R.
693 1160 729 1196 H
740 1172 762 1194 E
774 1173 795 1195 B
806 1172 821 1195 1
832 1173 855 1196 u
866 1172 883 1196 s
902 1187 913 1206 ‚
947 1160 1009 1195 lib.
1040 1161 1197 1205 XXIV,
1225 1159 1507 1209 Amplu'theatr.
1527 1161 1663 1198 Ser-ior.

315 1225 398 1261 Joc.
422 1224 519 1273 epig.
542 1222 591 1260 53
607 1237 677 1272 ‚p.
703 1223 791 1272 393.

446 1317 501 1352 Ut
518 1313 610 1350 vitia
630 1325 821 1363 expurges
833 1341 845 1359 ‚
866 1312 1085 1350 scrutabere
1102 1321 1273 1350 mentem
1291 1314 1410 1353 animi
1430 1316 1576 1366 ipsam,

499 1379 554 1414 Ut
571 1377 754 1414 Flaccum
776 1377 902 1427 capias
915 1405 926 1423 ‚
949 1377 1079 1414 omnia
1097 1377 1211 1414 docta
1231 1386 1331 1416 tene.

446 1444 554 1479 Dum
573 1440 689 1478 discis
704 1449 852 1486 vatem,
870 1440 954 1478 vitii
971 1449 1107 1478 natura
1127 1443 1308 1492 patescit,

499 1506 571 1543 Hic
595 1519 685 1543 vere
705 1505 857 1556 scripsit
877 1505 1089 1556 legitimam
1109 1506 1272 1543 satiram.

368 1596 495 1631 IDEM
508 1620 519 1638 ‚
545 1593 637 1628 ibid.
658 1593 757 1641 epig.
778 1591 828 1642 59
841 1606 909 1642 ‚p.
931 1591 993 1636 54.

450 1683 536 1721 Sint
554 1689 692 1719 saturae
711 1681 833 1719 satirae
852 1680 1029 1718 doctrina
1048 1689 1088 1719 et
1108 1681 1284 1720 moribus
1300 1682 1387 1721 altis
1401 1712 1411 1730 ‚

503 1746 645 1785 Ebrius
665 1755 723 1785 est
740 1746 823 1784 istis
840 1746 991 1784 Persius
1005 1775 1016 1793 ‚
1036 1759 1128 1798 ergo
1147 1746 1307 1798 duplex.

842 1956 1145 1970 mu5mssssn
