1846 3184
309 311 363 355 58

658 312 714 353 A.
749 311 994 354 PERSII
1033 311 1288 354 FLACCI

363 393 568 437 Perducis
590 390 739 436 facies.
755 394 867 436 Nam
880 425 893 446 ‚
915 394 1064 436 fratres
1086 394 1199 437 inter
1220 395 1399 449 ahenos,

363 471 538 513 Somnia
560 471 715 529 pituita
739 471 814 528 qui
838 465 1132 529 purgatissima
1155 472 1356 524 mittunt,

362 546 575 604 Praecipui
597 557 724 588 sunto
740 578 752 598 ,
775 546 914 603 sitque
937 547 1020 588 illis
1043 562 1171 588 aurea
1193 547 1340 589 barba.

360 622 553 676 Aurum,
571 637 669 664 vasa
685 622 862 675 Numae,
882 622 1164 680 Saturniaque
1183 622 1354 681 impulit
1373 638 1477 676 oera,

302 761 361 796 nia
375 762 450 796 Diis
466 761 716 809 pretiosissima
732 760 825 794 dona
838 760 947 795 offer-

302 824 399 850 rent.
426 818 558 855 Οναιὶο,
575 815 693 848 minor
716 814 921 860 triumphus
934 839 945 856 ,

302 867 420 903 dictus
446 869 490 902 ab
517 876 582 903 o've
603 881 682 915 quae
705 876 793 901 tunc
819 875 947 901 macta-

268 958 271 963 ,
301 921 408 955 batur
418 946 428 963 ,
443 922 533 955 sicut
547 922 612 955 bos
629 921 668 954 in
683 920 807 965 majori
820 920 946 953 trium-

298 974 397 1020 pho,
415 973 516 1021 quod
538 974 706 1008 omnibus
728 981 857 1006 notum
879 981 944 1007 est.

299 1026 440 1061 Persius
450 1035 569 1061 autem
578 1026 733 1074 appellat
745 1040 862 1059 aurum
874 1040 947 1059 ova-

298 1088 367 1112 tum
390 1079 491 1127 quod
518 1079 626 1114 Ovid.
656 1080 759 1126 epist.
788 1078 833 1113 ad
858 1079 948 1113 Ger-

299 1132 428 1166 manic.
439 1132 503 1166 lib.
517 1132 572 1174 ΙΙ,
584 1131 629 1166 de
643 1132 759 1166 Ponto
769 1157 780 1174 ‚
794 1132 949 1179 appellat

298 1198 418 1218 aurum
439 1194 633 1229 tropoeorum
642 1199 653 1218 .-

297 1248 407 1288 Deque
421 1254 608 1288 tropaeorum
619 1247 705 1288 quod
715 1247 761 1277 sol
770 1247 947 1276 incenderat

379 1305 466 1324 auro.
805 1295 838 1323 C.
850 1300 880 1323 et
893 1296 926 1323 P·

346 1349 404 1384 56.
431 1352 583 1383 Perducis
599 1350 739 1395 sacies.]
770 1348 918 1382 Inducis
933 1374 945 1392 ‚

298 1403 430 1449 oblinis
442 1404 547 1438 facies
557 1429 568 1446 ,
585 1403 696 1436 immo
715 1411 806 1437 totas
819 1402 921 1436 ducis
933 1427 945 1445 ‚

298 1465 335 1491 et
357 1469 403 1491 ex
419 1469 507 1491 auro
531 1456 647 1491 solido
670 1457 823 1490 facis.-—
835 1459 920 1489 Nam
932 1481 943 1496 ,

287 1510 416 1553 fratres
444 1512 529 1543 inter
559 1511 692 1543 ahenos.
718 1511 804 1544 Vet.
830 1510 942 1544 schol.

299 1580 314 1593 ι
328 1564 446 1597 Acron
463 1563 572 1598 tradit
585 1589 595 1605 ‚
617 1563 716 1610 quod
738 1563 775 1597 in
798 1564 943 1610 porticu

299 1633 314 1647 ι
328 1617 505 1663 Apollinis
529 1617 679 1651 Palatini
704 1618 851 1651 fuerunt
872 1619 942 1651 Da-

298 1687 312 1699 ·
329 1669 478 1704 naidum
492 1670 626 1718 effigies
640 1696 651 1713 ‚
668 1679 703 1705 et
721 1679 844 1704 contra
863 1683 919 1704 eas
931 1695 942 1712 ‚

298 1739 314 1753 ι
329 1723 396 1756 sub
411 1722 498 1758 divo
508 1748 519 1766 ‚
534 1722 688 1759 totidem
702 1731 884 1769 equestres
899 1722 942 1756 fi-

298 1792 313 1806 «
328 1776 462 1810 liorum
475 1777 642 1824 Aegypti.
667 1777 722 1810 Ex
744 1777 800 1810 his
822 1785 944 1811 autem

297 1845 314 1859 ι
327 1829 452 1863 statuis
463 1830 627 1876 quaedam
641 1829 854 1864 dicebantur
863 1842 945 1876 pos-

297 1897 312 1911 ·
329 1881 529 1915 tulantibus
563 1895 628 1928 per
664 1894 830 1916 somnum
859 1881 943 1916 dare

298 1950 313 1964 ι
328 1934 485 1968 oracula.
498 1951 512 1964 ι
532 1935 590 1969 11Ιί
603 1936 834 1978 assentimur;
848 1948 945 1969 nam-

295 1999 366 2033 que
379 1987 461 2026 lhaec
482 2000 556 2022 non
575 1997 725 2034 possunt
740 1988 784 2022 de
798 1990 942 2023 Castore

296 2049 334 2075 et
356 2041 505 2075 Polluce
532 2042 706 2088 intelligi,
726 2050 767 2075 ut
795 2042 943 2088 quidam

294 2093 445 2135 volunt,
467 2103 617 2141 propter
635 2094 842 2128 adhibitum
859 2095 943 2141 plu-

294 2145 405 2180 ralem
418 2158 612 2181 numerum
624 2171 635 2187 ‚
650 2159 756 2180 versu
776 2147 819 2180 58
829 2172 838 2187 ,
851 2161 942 2190 proe-

294 2201 384 2243 cipuc'
396 2210 489 2233 sunto
501 2214 516 2239 ;
540 2213 614 2247 quo
633 2200 744 2235 verbo
764 2212 839 2233 non
858 2212 943 2233 usus

294 2259 385 2286 esset
395 2276 406 2294 ‚
420 2253 451 2286 si
463 2251 509 2286 de
525 2252 669 2287 duobus
684 2260 825 2287 tantum
837 2256 945 2299 poeta

294 2305 418 2340 fuisset
436 2305 593 2340 locutus.
611 2306 654 2339 A.

342 2359 397 2404 57.
419 2361 550 2392 Somnia
572 2359 702 2405 pituitiz'.
715 2384 723 2391 .
735 2384 743 2392 .
755 2384 764 2392 .
780 2360 944 2403 purgatis-

293 2411 407 2457 sima]
433 2411 516 2446 Non
539 2411 658 2445 omnia
682 2411 945 2457 reputabantur

294 2464 431 2497 somnia
461 2464 577 2498 futuri
603 2463 738 2498 indicia
764 2471 871 2498 certa.
896 2465 946 2497 Ea

294 2525 436 2550 tantum
445 2517 516 2551 fide
527 2517 635 2566 digna
647 2526 760 2558 erant,
768 2530 847 2565 quae
856 2526 940 2565 post

294 2570 579 2611 concoctionem,
593 2572 676 2605 cum
685 2583 785 2605 mens
798 2579 886 2605 esset
897 2571 940 2605 ab

293 2621 506 2656 humoribus
537 2623 648 2658 libera
665 2648 676 2665 ‚
699 2624 911 2659 eveniebant
929 2636 941 2667 ς

294 2675 394 2719 quod
407 2677 622 2724 plerumque
631 2677 673 2712 fit
686 2685 767 2725 post
780 2677 940 2725 primum

999 773 1186 804 somnum,
1205 761 1296 796 circa
1318 761 1536 796 matutinum
1554 770 1646 796 tem-

999 826 1079 860 pus.
1088 815 1142 848 En
1154 827 1193 849 ea
1204 828 1282 861 quae
1291 815 1410 859 pituitiz'
1413 818 1643 860 purgatissima

999 870 1123 901 somnia
1135 877 1241 903 vocat
1255 869 1408 903 Persius.
1423 871 1466 903 A.

1047 920 1105 954 58.
1120 921 1230 963 Sitque
1241 923 1303 954 illis
1313 935 1416 954 aurea
1431 923 1557 965 barba]
1571 921 1620 954 Iis
1631 945 1644 963 ,

1000 984 1089 1018 quos
1111 973 1264 1007 maxime
1291 974 1476 1016 colebant,
1495 974 1643 1008 barbam

998 1037 1142 1058 auream
1160 1025 1367 1060 tribuebant
1384 1026 1460 1060 Diis
1471 1052 1482 1069 ‚
1495 1039 1645 1073 praeser-

1000 1078 1066 1112 tim
1079 1079 1100 1112 J
1101 1079 1172 1122 ovi,
1186 1079 1358 1125 Apollini,
1368 1080 1562 1123 Mercurio,
1572 1089 1642 1114 etc.

999 1131 1055 1165 Ita
1065 1155 1075 1172 ‚
1091 1133 1175 1165 cum
1187 1132 1343 1178 aliquem
1357 1132 1539 1166 minorum
1549 1133 1644 1166 Deo-

999 1196 1083 1217 rum
1117 1185 1302 1231 praecipuo
1334 1185 1473 1219 honore
1501 1185 1619 1220 colere
1634 1210 1645 1227 ‚

1000 1245 1035 1270 et
1055 1238 1154 1283 quasi
1173 1250 1254 1272 cum
1276 1238 1409 1285 magnis
1427 1238 1503 1272 Diis
1520 1250 1647 1272 conso-

999 1291 1092 1324 ciare
1118 1290 1270 1337 dignum
1293 1290 1573 1338 judicavissent,
1592 1289 1647 1324 illi

998 1342 1143 1376 barbam
1157 1355 1300 1377 auream
1312 1342 1465 1384 dabant„
1478 1342 1578 1389 quod
1590 1355 1650 1376 su-

997 1395 1191 1441 perstitiosi
1204 1403 1239 1429 et
1252 1397 1347 1430 avari
1360 1396 1475 1430 nostri
1487 1396 1646 1430 hocloco

999 1449 1158 1482 faciunt:
1170 1451 1332 1492 praecipui
1341 1459 1435 1483 sunto
1442 1474 1454 1489 ,
1469 1451 1572 1493 sitque
1585 1444 1646 1491 ill&

998 1514 1101 1534 aurea
1114 1504 1227 1535 barba.
1240 1502 1284 1535 Α.

1046 1555 1100 1599 59.
1117 1558 1243 1587 Aurum
1256 1580 1267 1594 ,
1287 1567 1373 1587 vasa
1396 1557 1532 1593 Numae,
1555 1554 1642 1600 eta]

994 1608 1152 1650 Aurum,
1168 1608 1247 1642 fons
1261 1608 1427 1642 omnium
1441 1608 1619 1642 malorum
1631 1633 1644 1649 ‚

996 1662 1140 1704 impulit,
1158 1673 1177 1694 e
1191 1660 1334 1706 templis
1349 1658 1478 1707 dejecit
1491 1673 1572 1694 vasa
1584 1660 1646 1694 illa

996 1713 1226 1760 simplicia-et
1249 1713 1371 1747 fictilia
1383 1739 1394 1756 ,
1415 1713 1547 1760 quibus
1566 1721 1646 1747 ute-

995 1767 1101 1801 batur
1122 1767 1364 1801 sanctissimus
1386 1767 1455 1801 iste
1477 1779 1564 1809 rex;
1583 1779 1647 1800 au-

996 1833 1080 1854 rum
1106 1831 1213 1854 mutat
1234 1821 1382 1857 vestales
1414 1832 1522 1854 urnas
1537 1844 1548 1859 ,
1572 1828 1644 1854 etc.

996 1894 1043 1899 —
1060 1876 1145 1907 Vasa
1174 1876 1299 1907 Numoe.
1333 1872 1501 1907 Testacea
1517 1897 1529 1914 ‚
1563 1872 1646 1906 sim-

997 1926 1105 1973 plicia
1123 1951 1134 1969 ,
1172 1926 1289 1974 qualia
1324 1925 1493 1960 adhibuit
1527 1925 1646 1960 Numa

996 1980 1199 2027 Pompilius
1226 1976 1475 2027 religiosorum
1503 1979 1645 2014 rituum

994 2033 1094 2080 apud
1117 2035 1296 2067 Romanos
1318 2041 1455 2067 auctor.
1478 2031 1556 2067 Cic.
1578 2031 1644 2066 Pa-

995 2085 1118 2120 radox.
1129 2087 1158 2119 1.
1169 2087 1258 2120 Plin.
1267 2087 1329 2120 lib.
1338 2086 1490 2126 XXXV,
1497 2097 1573 2131 cap.
1586 2097 1646 2131 12,

996 2146 1031 2171 et
1048 2139 1214 2171 XXXIII
1225 2163 1235 2179 ‚
1254 2150 1305 2171 12.
1322 2137 1380 2171 Sic
1393 2137 1577 2171 Voltarius
1599 2135 1646 2170 de

996 2191 1186 2233 Romanis,
1200 2191 1238 2224 in
1259 2189 1457 2238 opusculo,
1478 2189 1536 2223 cui
1555 2190 1643 2224 titu-

996 2243 1053 2277 lus
1065 2268 1076 2285 ‚
1090 2244 1229 2287 Dq'f'ense
1241 2245 1286 2275 du
1298 2243 1455 2276 bsondat'n
1467 2254 1480 2274 .·

995 2313 1078 2343 Leur
1099 2314 1238 2352 Jupiter,
1251 2322 1291 2341 au
1313 2318 1414 2352 temps
1439 2311 1483 2341 du
1505 2311 1571 2341 bon
1596 2309 1645 2341 roi

1059 2360 1148 2389 Tulle
1159 2381 1171 2394 ‚

996 2406 1078 2436 Etait
1091 2406 1129 2435 de
1143 2405 1210 2436 bois
1221 2427 1229 2441 ,
1243 2405 1265 2434 il
1278 2403 1326 2434 sut
1338 2404 1408 2434 d'or
1420 2414 1491 2434 sous
1500 2404 1639 2434 Luculle.

997 2465 1213 2498 —Saeumia.
1223 2488 1232 2495 .
1242 2487 1251 2495 .
1261 2488 1269 2496 .
1283 2475 1362 2496 ιιι-α.
1375 2463 1429 2496 De
1440 2462 1554 2496 veteri
1567 2474 1643 2495 mo·

991 2525 1073 2552 neta
1101 2516 1264 2564 loquitur
1273 2540 1284 2557 ‚
1307 2527 1386 2561 quae
1399 2539 1410 2557 ,
1432 2514 1557 2561 primis
1576 2514 1644 2548 rei·

991 2570 1144 2618 publiqae
1155 2568 1377 2616 temporibus
1387 2593 1398 2610 ‚
1413 2579 1499 2601 aerea
1507 2567 1587 2601 fuit.
1596 2585 1642 2592 —

992 2624 1156 2661 Saturnia,
1170 2622 1254 2668 quia
1263 2620 1425 2654 aerarium
1437 2620 1475 2654 in
1489 2618 1565 2659 aede
1580 2619 1642 2654 Sa-

994 2675 1091 2712 turni
1105 2674 1324 2712 servabatur.
1341 2673 1379 2708 P.
1393 2681 1428 2708 et
1439 2674 1478 2707 A.
