1846 3184
642 302 767 375 sA'r
781 333 803 375 1
820 331 912 374 ΒΑ
955 332 1009 374 v.

214 418 468 469 Sambuoem
490 404 617 457 citius
642 415 784 457 caloni
805 413 1014 473 aptaveris
1036 413 1139 455 alto.

1414 337 1496 392 139

214 496 306 538 sm
319 503 467 536 contra
484 492 617 545 ratio,
634 502 678 534 et
692 501 894 533 secretam
911 491 1045 551 garrit
1062 491 1110 532 in
1128 505 1276 533 aurem
1287 523 1300 543 ,

213 571 281 614 Ne
296 570 421 613 liceat
436 569 576 612 facere
594 568 662 622 id,
683 567 803 626 quod
822 569 920 626 quis
935 567 1107 611 vitiabit
1123 566 1301 628 agendo,

157 696 253 744 pide
277 709 368 739 usu,
385 704 482 731 certe
502 695 665 743 pendent
685 696 802 731 omnis

157 751 240 785 vitae
257 750 402 785 libertas
418 758 528 797 atque
546 750 707 784 felicitas.
733 751 777 784 A.

176 840 179 843 ,
206 804 265 848 95.
281 806 473 837 sambucam
489 805 601 843 eitius,
620 806 692 847 ean]
709 802 805 837 Faci-

158 856 229 891 lius
261 856 454 891 inserueris
487 857 608 892 crassis
641 857 805 891 manibus

158 909 314 944 hominis
326 910 470 957 agrestis
489 919 524 944 et
541 910 657 956 inepti
672 910 805 944 instru—

159 971 321 998 mentum
329 964 524 1005 musicum,
535 974 571 998 et
581 964 754 1006 effeceris,
763 973 805 998 nt

160 1014 199 1049 id
207 1027 252 1050 ex
258 1024 334 1050 arte
340 1016 579 1063 pulset‚quam
588 1025 630 1050 ut
641 1017 751 1050 Dama
758 1029 810 1050 ra-

136 1107 139 1110 ,
161 1068 298 1102 tionem
312 1076 483 1115 sequatur
503 1078 539 1102 et
553 1069 673 1102 tenuia
686 1081 810 1102 rerum

163 1120 281 1154 officia
294 1121 409 1162 norit,
422 1130 458 1155 et
469 1124 812 1168 praestet.—Sambu-

161 1186 211 1206 ca.
219 1174 301 1208 Vox
314 1173 455 1222 Syriaca
463 1200 474 1216 ‚
488 1175 666 1209 musicum
678 1175 810 1213 instru-

162 1234 328 1260 mentum
367 1227 543 1274 significat
585 1228 810 1275 triangularis

162 1278 286 1317 formae
296 1304 307 1321 ,
326 1279 427 1326 quod
444 1279 537 1314 Galli
548 1290 677 1315 vocant
689 1282 809 1324 harpe,

163 1328 280 1363 Graeci
299 1330 491 1377 Latinique
509 1331 622 1377 lyram
644 1339 680 1364 et
701 1331 812 1365 citha·

163 1394 251 1416 ram.
267 1383 479 1422 Athenaeus‚
494 1383 556 1417 lib.
571 1383 639 1424 lv,
652 1396 732 1430 cap.
750 1384 808 1418 23.

162 1438 357 1469 sambucam
382 1436 666 1484 lyropboenicem
689 1437 812 1471 vocari

162 1487 379 1535 aiuejusque
386 1488 612 1524 inventorem
620 1490 637 1523 f
637 1489 728 1524 uisse
735 1490 814 1537 Iby-

162 1552 247 1574 cum
255 1540 458 1588 Rheginum
467 1555 477 1582 ;
491 1551 538 1585 et,
546 1542 608 1576 lib.
617 1542 723 1584 XIV,
730 1555 807 1590 cap.

164 1593 201 1635 8,
211 1603 361 1628 acutum
370 1607 444 1629 esse
453 1596 531 1642 ejus
540 1608 681 1638 sonum3
691 1596 811 1642 primo

163 1645 298 1681 fidibus
308 1657 464 1695 quatuor
474 1657 615 1683 tensum
627 1649 644 1682 f
645 1650 749 1692 uisse3
761 1659 812 1690 et,

164 1709 244 1744 oep.
257 1710 279 1743 9
289 1697 450 1746 ejusdem
457 1699 556 1741 libri,
568 1700 733 1734 sambuca
742 1701 815 1747 pri-

165 1762 262 1784 mam
272 1763 372 1785 usam
381 1753 400 1786 f
399 1753 490 1786 uisse
499 1753 668 1800 sybillam
679 1779 690 1794 ,
704 1763 813 1799 atque

165 1803 216 1837 ita
233 1812 393 1838 vocatam
414 1817 434 1838 a
450 1804 622 1852 Sambyce
639 1805 811 1851 quodam.

167 1856 255 1903 Ejus
266 1857 497 1900 instrumenti
511 1859 674 1892 meminit
688 1860 814 1893 Daniel

167 1910 358 1956 propheta,
367 1923 446 1957 cap.
459 1911 495 1952 3,
507 1912 653 1945 Vitruv.
665 1910 726 1945 lib.
736 1913 791 1946 VI
803 1937 814 1953 ‚

169 1960 349 2008 Spartian.
376 1963 414 1996 in
441 1963 600 2003 Adriano
615 1988 625 2004 ,
652 1973 721 1999 etc.
752 1966 815 1999 Est

169 2013 436 2048 etiamsambuca
444 2015 723 2050 instrumentum
729 2017 815 2051 belli

169 2067 423 2115 oppugnandis
443 2070 597 2104 urbibus
616 2069 791 2104 idoneum
804 2096 815 2113 ,

171 2119 272 2167 quod
280 2121 429 2156 funibus
437 2121 655 2165 intenditur,
667 2132 707 2157 ut
716 2124 818 2159 chor-

170 2172 227 2207 dis
250 2173 382 2209 cithara
392 2200 404 2217 ,
423 2175 522 2210 unde
546 2189 678 2211 nomen
703 2176 749 2211 de
773 2189 817 2212 eo

169 2226 322 2269 Vitruv.
334 2227 399 2261 lib.
415 2228 461 2270 X,
475 2228 572 2262 Plut.
588 2229 626 2262 in
636 2229 710 2264 vita
722 2230 817 2264 Mar-

171 2278 273 2320 celli,
286 2278 411 2328 Polyb.
423 2280 488 2314 lib.
506 2281 601 2315 VIII
610 2307 621 2323 ‚
638 2283 737 2329 Lips.
752 2283 820 2317 Po-

169 2330 306 2365 liorcet.
325 2332 391 2366 lib.
405 2333 424 2366 1
434 2358 444 2374 ,
458 2332 620 2381 dialogus
640 2338 684 2378 6⁴,
699 2337 816 2383 Vege-

171 2384 242 2418 tius
253 2393 291 2420 et
301 2385 374 2419 alii.
388 2386 532 2422 Scilicet
545 2401 564 2422 e
583 2397 684 2423 turre
699 2402 815 2435 prope

104 2459 107 2461 >
173 2437 302 2472 urbem
313 2439 492 2474 obsessam
507 2445 685 2476 exstructa
695 2467 705 2483 ,
721 2443 816 2476 trabs

173 2489 322 2541 ingens,
336 2492 487 2527 funibus
512 2506 552 2528 ac
579 2495 748 2529 trochleis
770 2494 816 2528 ad

855 709 979 730 muros
993 696 1108 731 laxata
1120 722 1130 738 ,
1145 705 1221 731 erat
1233 708 1302 743 pro
1317 704 1429 744 ponte
1441 722 1453 740 ,
1467 706 1503 732 et

854 761 923 796 per
944 762 1021 784 eam
1045 757 1270 784 transeuntes
1293 750 1422 785 milites
1440 763 1505 785 ur-

856 803 940 837 bem
950 802 1172 837 invadebant.
1182 802 1367 838 Fabricam
1379 805 1456 851 ejus
1465 817 1505 838 ac

858 858 1011 891 sermm
1021 857 1065 890 ab
1074 855 1261 890 Heraclide
1270 857 1432 905 quodam
1439 857 1507 892 Ta·

857 910 1003 944 rentino
1012 909 1118 945 iuven
1123 918 1195 944 tam
1207 910 1305 944 testis
1315 918 1367 944 est
1375 910 1490 945 Athen
1497 936 1504 944 .

857 962 923 995 lib.
945 962 1050 1006 XIV,
1070 974 1147 1008 cap.
1170 962 1395 996 8.-.C‹110m·.
1421 963 1507 996 Calo

861 1012 1009 1059 proprie
1033 1024 1156 1047 servus
1181 1011 1361 1054 militum,
1384 1012 1510 1047 Graeca

862 1078 950 1100 voce
961 1091 972 1107 ‚
989 1066 1075 1113 quia
1088 1068 1193 1103 κᾶλα,
1211 1064 1250 1100 id
1268 1075 1319 1100 est
1332 1091 1343 1107 ,
1361 1066 1458 1113 ligna
1473 1075 1510 1100 et

862 1116 929 1150 alia
941 1116 1136 1150 necessaria
1147 1115 1509 1167 procurabat—Alto.

862 1170 957 1212 Quia
969 1169 1187 1216 plerumque
1198 1169 1269 1203 alta
1281 1178 1365 1203 sunt
1377 1172 1511 1204 statura

862 1223 922 1257 isti
943 1223 1108 1257 homines
1121 1248 1131 1265 ,
1145 1231 1180 1256 et
1202 1220 1334 1269 saepius
1356 1223 1458 1258 stulti
1475 1232 1510 1258 et

862 1276 967 1311 bardi
987 1276 1133 1323 ingenii.
1142 1276 1289 1310 Aristot.
1306 1277 1345 1310 in
1361 1276 1511 1325 Physic-

863 1343 987 1377 gnom.
1005 1331 1033 1364 οἱ
1052 1330 1136 1375 ἄγαν
1156 1332 1291 1376 με’γάλοι
1309 1328 1455 1376 βραδεῖς.
1469 1331 1511 1365 P-

912 1385 972 1428 96.
1002 1387 1073 1416 Stat
1099 1392 1213 1415 contra
1239 1383 1347 1429 ratim]
1379 1383 1513 1418 Contra

866 1437 1042 1471 rationem
1057 1444 1108 1470 est
1118 1461 1129 1478 ,
1142 1444 1184 1469 ut
1201 1435 1362 1470 medicus
1375 1437 1515 1471 fabrilia

867 1498 994 1524 tractet
1008 1515 1020 1531 ,
1048 1498 1111 1524 aut
1145 1490 1245 1524 faber
1277 1490 1322 1524 τὰ
1354 1491 1485 1536 ἰατρικά
1502 1504 1510 1523 :

856 1541 962 1587 ‚idem
982 1541 1022 1574 in
1040 1541 1209 1575 omnibus
1233 1542 1372 1575 artibus
1389 1554 1398 1573 ε
1421 1542 1514 1575 stul-

865 1605 945 1630 tum
964 1604 1016 1629 est
1034 1595 1175 1641 exigere
1200 1606 1220 1628 a
1246 1606 1454 1641 quoquam,
1470 1602 1516 1641 nt

866 1657 947 1695 apte
975 1657 1054 1695 agat
1085 1647 1186 1694 quod
1212 1660 1287 1681 non
1320 1647 1514 1690 didicerit;

866 1702 1021 1736 stultum
1031 1700 1121 1735 adeo
1132 1714 1204 1734 non
1220 1701 1340 1734 minus
1353 1713 1496 1747 sperare
1504 1726 1515 1742 ,

868 1764 905 1789 te
924 1767 1068 1790 servum
1084 1763 1122 1788 et
1138 1754 1259 1788 animo
1281 1762 1316 1788 et
1338 1766 1489 1801 corpore
1503 1779 1515 1795 ‚

868 1808 959 1855 quin
982 1816 1019 1842 et
1041 1807 1286 1849 nebulonem,
1307 1807 1389 1842 vita
1411 1807 1515 1842 beate

862 1859 1040 1907 'degendae
1054 1859 1231 1894 rationem
1247 1873 1266 1894 a
1279 1869 1435 1907 praetore
1448 1870 1518 1895 sta·

868 1913 935 1946 tim
962 1914 1046 1947 cum
1075 1913 1241 1947 libertate
1269 1914 1430 1960 corporis
1456 1926 1515 1947 ac-

868 1969 1177 2012 cepturum.-—Et
1187 1975 1343 1999 secretam
1356 1969 1467 2011 garrit
1484 1968 1517 1999 in

867 2033 991 2053 aurem.
1004 2019 1127 2062 Intus,
1141 2019 1178 2053 in
1196 2019 1317 2055 animo
1331 2032 1402 2053 suae
1415 2019 1519 2054 'mdo-

868 2073 912 2107 lis
939 2073 1081 2107 conscio
1097 2098 1109 2115 ‚
1132 2073 1302 2107 reclamat
1328 2086 1368 2107 ac
1395 2082 1518 2107 monet

868 2127 1017 2161 Damam
1035 2139 1177 2173 semper
1198 2138 1273 2160 esse
1292 2127 1460 2167 Damam,
1479 2125 1516 2159 id

869 2190 945 2222 est,
961 2193 1106 2216 servum
1125 2193 1210 2215 eum
1226 2193 1369 2226 semper
1387 2191 1461 2213 esse
1480 2187 1517 2212 et

869 2234 1077 2281 abjectum;
1098 2233 1258 2281 ideoque
1286 2246 1328 2266 ne
1353 2235 1451 2265 liceat
1472 2232 1522 2264 illi

860 2287 980 2331 facere
993 2289 1105 2330 quod,
1119 2297 1180 2319 etc.
1198 2286 1240 2319 C.
1257 2294 1292 2318 et
1308 2284 1349 2316 P.

917 2353 973 2386 97.
992 2342 1041 2372 Ne
1058 2340 1295 2383 liceatfacere,
1310 2339 1383 2381 eta]
1400 2336 1456 2371 Ne
1473 2336 1517 2370 ll·

869 2401 946 2426 ceat
964 2393 1083 2426 Damae
1104 2391 1156 2424 illi
1174 2390 1242 2424 arti
1262 2389 1462 2423 immiscere
1480 2401 1518 2422 se

871 2455 979 2489 quam
995 2442 1139 2475 nesciat.
1154 2439 1295 2474 Alludit
1308 2439 1352 2473 ad
1368 2452 1517 2487 prover-

870 2496 986 2529 bium.
1008 2488 1104 2540 Ῑῗρδοι
1131 2507 1180 2534 τις
1205 2495 1243 2531 ἢν
1270 2495 1386 2539 gazeo:
1414 2490 1516 2538 εἰδείῃ

222 2609 267 2638 V·
286 2610 341 2650 95.
355 2612 557 2644 Sambucam.
577 2613 659 2645 Cod.
674 2619 803 2650 noster,
815 2612 990 2649 sambuca,
1008 2611 1103 2643 male.

223 2678 267 2708 ‘V-
284 2679 341 2718 96.
362 2679 479 2711 Gar-rit.
496 2684 545 2712 Ix
557 2682 652 2713 codd.
671 2689 704 2713 et
722 2689 851 2719 noster,
865 2681 995 2724 gannit.
1011 2683 1061 2712 Ita
1073 2689 1136 2712 vet.
1152 2682 1228 2714 edit.
1250 2683 1333 2716 Brit.
1347 2682 1497 2717 Lnbinus
1510 2707 1517 2723 ,-

182 2731 361 2764 Wedderb.
373 2733 442 2766 Alii
458 2740 493 2768 et
509 2736 731 2779 antiquiores,
742 2735 862 2779 garrit.
877 2736 921 2768 At
934 2735 1028 2779 parvi
1040 2736 1192 2768 interest.
