1846 3184
283 758 371 793 item
381 782 393 800 ‚
404 757 629 792 luxuriosum
642 769 682 791 ac
694 758 928 791 nebulonem.

284 813 463 845 -Ansert's
471 813 562 844 extis.
572 813 686 844 Anser
695 811 782 844 olim
793 811 830 844 in
841 810 932 845 deli-

283 864 349 899 ciis
365 860 464 911 apud
478 865 668 898 Romanos.
685 864 858 910 Intelligit
871 876 934 897 au-

285 925 362 951 tem
375 918 492 964 jecur.
508 916 632 950 Horat.
887 926 890 931 ’

284 975 454 1017 ξ’ἰηςιίὼιιε
467 981 499 1005 et
510 974 576 1005 ficis
587 980 709 1014 pastum
719 975 807 1014 jecur
818 974 933 1004 anseris

366 1021 440 1051 albi.
827 1022 872 1053 1...

334 1086 394 1119 7²·
415 1075 493 1106 ciam
509 1086 634 1106 morosa
650 1086 743 1117 vago
756 1075 841 1117 sing.
858 1073 931 1119 εει-κ]

286 1125 418 1160 Sensus
433 1134 484 1160 est
498 1139 507 1159 :
522 1135 564 1161 ut
575 1152 587 1169 ,
605 1129 678 1159 σίυιι
690 1152 702 1166 ,
718 1130 910 1172 postquam
923 1151 934 1167 ‚

283 1179 477 1225 vulgivagae
490 1187 526 1213 et
538 1178 687 1225 plebeiae
700 1179 837 1213 Veneri
848 1178 913 1212 diu
923 1203 934 1219 ,

285 1232 376 1266 dum
399 1245 539 1280 pauper
566 1241 682 1274 esset,
707 1245 744 1266 se
768 1231 934 1274 dederit,

286 1285 505 1326 nunc‚dives
514 1286 628 1319 factus
633 1284 831 1332 hereditate
841 1287 933 1326 mea,

287 1339 323 1372 in
351 1339 522 1373 thalamos
548 1339 727 1373 nobilium
755 1348 933 1374 matrona·

286 1404 368 1426 rum
384 1392 511 1426 irruat.
522 1395 750 1425 -Μοι-οςα....
767 1406 868 1425 vena.
883 1392 933 1425 Ut

285 1456 393 1491 supra
404 1470 415 1487 ,
423 1458 545 1489 penem
558 1458 707 1477 amarum
716 1469 728 1483 ,
743 1447 780 1480 τὸ
796 1450 853 1480 ταῦ
873 1447 929 1479 ἀν-

286 1496 362 1544 δρὸς
382 1499 509 1546 μόριον,
528 1496 735 1532 membrum
753 1499 870 1533 virile·
883 1518 931 1523 —

289 1552 414 1595 Vagam
443 1552 572 1595 inguen.
597 1553 640 1586 Τὸ
666 1554 724 1591 τῆς
756 1553 904 1598 γυναικὸς
919 1576 930 1593 ,

286 1599 458 1650 quodque
466 1611 572 1638 vocat
581 1603 705 1637 Horat.
715 1603 776 1636 lib.
786 1604 816 1644 Ι,
824 1612 888 1637 sat.
899 1608 933 1646 4,

287 1669 465 1689 concessam
497 1659 661 1689 Venerem.
682 1677 730 1683 —-
750 1659 934 1701 Singultiet.

289 1725 304 1739 ι
319 1708 515 1756 singultire
530 1734 541 1750 ‚
559 1710 682 1756 inquit
705 1709 858 1743 Casaub.
885 1718 937 1743 est

292 1778 306 1791 ι
323 1761 484 1795 fastidire
508 1760 648 1807 copiam
677 1762 828 1808 alicujus
856 1762 908 1795 rei
925 1774 934 1794 :

289 1831 304 1844 ι
322 1827 420 1857 nam,
429 1815 525 1849 inter
537 1827 657 1848 causas
668 1815 794 1856 varias,
803 1815 938 1861 singul-

290 1885 305 1897 α
321 1875 380 1901 tus
398 1877 452 1902 est
470 1869 543 1901 haec
556 1893 568 1909 ‚
586 1868 615 1901 si
639 1867 853 1914 imprudens
874 1868 938 1902 ali-

292 1937 306 1949 «
323 1921 418 1967 quis,
428 1929 491 1954 aut
498 1920 640 1954 avidior
652 1923 759 1967 quam
772 1933 837 1967 par
847 1929 942 1962 eraty

291 1990 306 2003 α
321 1974 493 2020 majorem
514 1973 666 2007 buccam
687 1973 900 2020 diglutierit.
919 1991 932 2004 n

286 2026 362 2060 Nec
375 2026 462 2059 mihi
475 2026 594 2073 placet
601 2026 668 2059 ista
675 2026 935 2072 interpretatio.

288 2082 483 2124 Singultire,
502 2080 650 2130 proprie
676 2080 850 2126 palpitare
869 2093 934 2127 per

286 2133 486 2167 intervalla.
522 2133 602 2166 Hoc
636 2133 718 2166 loco
743 2158 754 2174 ‚
783 2133 935 2167 verbum

287 2185 510 2228 obscoenum,
517 2194 555 2220 et
563 2185 654 2219 mire
663 2185 816 2232 pingens
826 2199 936 2220 mem·

285 2238 344 2272 bri
367 2238 480 2273 virilis
510 2232 687 2285 singultus
715 2251 756 2272 ae
784 2239 935 2286 palpita-

284 2292 403 2326 tiones
421 2292 460 2326 in
477 2291 591 2326 coitu.
611 2293 656 2326 A.

336 2356 392 2401 73.
402 2359 555 2389 Patricia!
564 2358 708 2389 inimeiat
715 2359 848 2400 valna]
861 2356 939 2389 Hoc

288 2420 360 2441 non
378 2417 458 2454 eget
474 2409 789 2454 interpretatione.
799 2428 846 2433 -—
856 2409 941 2439 Mihi

290 2469 396 2492 trama
415 2463 540 2506 figuroe
568 2464 610 2493 sit
635 2463 772 2503 reliqua.
803 2460 854 2492 Ut
890 2459 938 2493 sit

292 2511 380 2545 mihi
393 2513 465 2546 sola
477 2514 611 2560 species
628 2513 785 2546 hominis
798 2536 808 2552 ‚
825 2520 860 2545 et
873 2523 937 2557 ego

293 2563 375 2597 fiam
385 2577 459 2598 ossa
472 2575 509 2600 et
520 2566 939 2612 pellis.—Tramafigwae.

292 2615 422 2650 Audax
439 2619 645 2664 metaphora
669 2618 777 2652 simul
800 2626 835 2651 et
856 2629 940 2662 per·

292 2668 383 2703 fecta
397 2670 440 2704 ab
453 2671 551 2705 omni
564 2680 677 2718 parte.
693 2675 826 2712 Trama,
841 2669 939 2717 apud

672 367 675 371 Ι
766 291 1029 349 sA'r1R'A
1070 291 1169 348 vl}
1553 307 1631 349 181

342 392 452 434 Ciam
472 378 644 434 morosa
662 402 772 446 vago
795 374 1019 447 singultiet
1042 387 1221 446 inguine
1238 402 1347 430 vena
1360 419 1376 440 ‚
1395 387 1408 397 ⁸
1620 406 1623 411 ¹

342 464 534 508 Patriciae
554 465 747 507 immeiat
765 463 938 506 vulvae?
957 464 1071 505 Mihi
1093 475 1228 506 trama
1252 463 1399 522 figurae

344 543 409 586 Sit
423 543 589 600 reliqua
604 558 616 596 ;
635 552 698 584 ast
715 541 778 583 illi
795 552 950 584 tremat
969 551 1144 583 omento
1163 556 1275 599 popa
1289 550 1439 582 venter
1454 538 1478 580 Ξ)

342 617 492 661 Vende
507 618 695 660 animam
712 618 834 660 lucro
846 650 860 670 ‚
879 633 1068 660 mercare
1078 650 1090 672 ‚
1108 628 1237 675 atque
1254 629 1407 660 excute
1424 618 1556 661 solers
1590 623 1634 671 75

983 756 1183 804 pannificos
1201 783 1212 799 ‚
1233 766 1373 793 constat
1397 758 1461 793 filo
1489 759 1637 795 duriore

986 820 1023 846 et
1038 819 1197 853 retorto,
1215 812 1301 859 qui,
1321 814 1405 847 cum
1423 825 1566 860 pannus
1584 823 1637 848 est

986 872 1159 899 vetustate
1184 867 1328 900 attritus
1344 891 1356 907 ‚
1381 875 1530 913 apparet
1550 879 1559 900 :
1585 867 1637 901 sic

987 918 1091 952 nervi
1101 926 1136 952 et
1148 931 1223 952 ossa
1233 919 1270 952 in
1284 931 1436 966 corpore
1446 920 1637 954 macilento

986 979 1022 1005 et
1043 980 1253 1006 extenuato.
1282 976 1333 1005 On
1355 986 1397 1006 ne
1417 975 1549 1006 verrait
1562 976 1639 1017 plus

986 1039 1051 1069 que
1065 1028 1099 1058 la
1118 1035 1221 1059 trame
1237 1028 1279 1059 de
1295 1040 1349 1059 ma
1357 1028 1483 1073 figure,
1498 1029 1640 1073 pourje

987 1081 1088 1112 semis
1104 1081 1229 1123 maigre
1245 1090 1279 1112 et
1293 1081 1468 1112 dicharne'.
1485 1081 1525 1113 Α,

1036 1137 1095 1179 74.
1116 1138 1178 1166 Ast
1195 1136 1246 1168 illi
1266 1145 1384 1168 tremat
1404 1146 1531 1169 omento
1546 1149 1638 1185 popa
1665 1182 1668 1183 ⁷

987 1187 1129 1229 ventem]
1151 1185 1250 1231 Popa
1276 1186 1414 1219 Latinis
1443 1195 1496 1220 est
1517 1191 1637 1231 θύτης,

987 1237 1233 1279 victimarius,
1258 1238 1449 1272 sacerdotis
1475 1241 1640 1276 minister

986 1289 1032 1323 ad
1063 1289 1266 1325 mactandas
1291 1291 1467 1325 victimas.
1495 1293 1611 1327 Porro
1626 1318 1639 1336 ,

984 1343 1149 1377 homines
1167 1344 1248 1386 isti,
1263 1351 1306 1378 ut
1322 1343 1423 1390 apud
1442 1357 1509 1379 nos
1527 1346 1637 1388 lanii,

985 1398 1093 1444 coqui
1102 1423 1113 1440 ,
1127 1406 1163 1432 et
1175 1398 1227 1431 illi
1244 1399 1307 1445 qui
1324 1411 1448 1432 carnes
1463 1407 1618 1434 tractant
1627 1426 1639 1443 ‚

985 1452 1085 1485 obesi
1111 1451 1308 1486 admodum
1334 1461 1420 1486 sunt
1437 1465 1447 1485 :
1470 1453 1521 1487 ita
1546 1467 1640 1500 quo-

985 1517 1056 1551 que
1086 1503 1259 1538 videntur
1285 1519 1381 1548 popae
1411 1506 1450 1539 in
1483 1507 1642 1540 nonnul-

985 1558 1030 1591 lis
1071 1558 1180 1604 signis
1222 1558 1429 1605 anaglyphis
1466 1559 1638 1605 antiquis.

987 1611 1233 1657 Metaphorice
1259 1619 1379 1644 autem
1404 1625 1497 1655 popa
1522 1623 1643 1646 venter

989 1664 1223 1710 significatur.
1250 1665 1329 1698 Hoc
1352 1664 1457 1706 loco,
1477 1666 1641 1713 ‚popino-

989 1730 1075 1751 nem
1089 1726 1125 1751 et
1140 1718 1310 1764 gulosum
1325 1718 1513 1752 lurconem
1526 1731 1536 1751 :
1550 1724 1641 1766 poe-

991 1770 1060 1804 tica
1077 1771 1174 1804 enim
1192 1770 1337 1804 licentia
1348 1796 1359 1812 ‚
1377 1772 1507 1805 tribuit
1521 1774 1641 1811 ventri

991 1823 1093 1869 quod
1121 1823 1187 1857 toti
1213 1824 1354 1857 homini
1387 1826 1639 1861 conveniebat.

989 1880 1200 1909 —Omentm
1227 1876 1448 1911 Panniculus
1472 1879 1641 1913 intestina

989 1928 1149 1962 ambiens
1176 1935 1212 1962 et
1243 1936 1445 1976 contegens.
1475 1929 1554 1964 Hic·
1572 1943 1640 1976 pro

987 1981 1094 2028 adipe
1118 1991 1154 2016 et
1174 1981 1408 2028 pinguedine.
1434 1982 1615 2017 Caeterum
1630 2009 1641 2025 ‚

986 2035 1047 2069 hic
1065 2047 1186 2069 versus
1207 2035 1388 2081 picturam
1411 2035 1519 2070 offert
1540 2036 1641 2071 haud

986 2088 1173 2135 indignam
1189 2089 1352 2122 Marone.
1372 2090 1416 2122 A.

1036 2141 1095 2186 75.
1120 2144 1230 2174 Vende
1246 2144 1390 2176 animam
1410 2144 1524 2185 lucra]
1545 2142 1640 2176 Con-

988 2193 1107 2228 cludit
1131 2195 1296 2229 Persius:
1319 2195 1456 2228 scilicet
1469 2219 1480 2235 ‚
1501 2203 1544 2228 ut
1565 2195 1641 2241 pla-

989 2260 1066 2282 ceas
1083 2261 1189 2282 avaro
1206 2247 1355 2288 heredi,
1374 2249 1482 2279 vende
1494 2248 1642 2282 animam

989 2304 1079 2334 lucro
1089 2327 1099 2340 ‚
1117 2310 1175 2333 etc.
1188 2319 1235 2325 —-
1245 2301 1355 2331 Vende
1367 2301 1511 2331 animam
1531 2302 1639 2334 lucro.

991 2353 1141 2387 Redime
1159 2364 1282 2385 omnes
1299 2352 1393 2385 lucri
1410 2351 1565 2386 faciendi
1584 2365 1643 2387 oc-

992 2406 1107 2439 casion
1113 2418 1162 2445 es,
1173 2405 1229 2438 vel
1237 2406 1374 2450 jactura
1381 2405 1521 2448 animae,
1529 2405 1567 2439 id
1575 2414 1641 2448 est,

990 2458 1083 2491 vitae.
1097 2457 1256 2502 Respicit
1267 2457 1409 2491 Persius
1421 2457 1464 2491 ad
1475 2459 1642 2505 navigan-

992 2511 1085 2544 tium
1094 2510 1251 2556 pericula
1262 2535 1272 2551 ‚
1286 2519 1327 2544 ut
1335 2519 1430 2555 patet
1440 2511 1497 2545 his
1506 2512 1641 2554 verbis,

992 2573 1093 2606 atque
1104 2573 1220 2595 excute
1231 2566 1327 2596 solers
1340 2577 1434 2597 omne
1446 2566 1507 2597 lat.
1517 2568 1642 2598 mundi.

992 2616 1141 2662 Peragra
1155 2616 1280 2649 orbem
1299 2625 1477 2650 terrarum
1487 2641 1498 2658 ‚
1515 2629 1640 2651 omnes

993 2669 1091 2704 orbis
1099 2669 1247 2716 angulos
1260 2677 1439 2713 scrutare,
1451 2677 1493 2704 ut
1507 2682 1642 2705 merces
