1846 3184
425 286 517 347 Ex
553 265 943 330 mnno'xlv
981 284 1223 329 sum.-

673 402 734 415 m

1410 289 1494 348 273

916 403 979 415 Μ

324 505 417 550 EX
457 504 680 548 LIBRO
718 505 848 549 XIV
888 505 1318 550 SATIRARUM.

811 626 845 663 I.

207 691 307 730 Idne
321 691 412 742 aegri
428 698 487 741 qst
501 691 644 742 magis,-
663 701 713 729 an
732 691 842 741 qubd
859 704 959 742 pane
974 699 1014 729 et
1027 691 1172 729 viscere
1187 692 1320 743 privo,

209 754 330 808 Quini
341 755 470 793 viscus
487 754 649 793 dederas
669 755 867 793 tumidum
878 783 889 801 ‚
909 757 981 793 hos
997 756 1038 793 in
1055 756 1202 794 viscera
1217 756 1324 807 largi.

801 822 819 857 Ι
832 822 865 857 Ι.

215 885 321 931 Quin
340 885 472 936 potius
488 884 608 921 vitam
627 883 743 935 degas
762 883 908 922 sedatu’
928 885 1098 934 quietam
1111 913 1123 931 ‚

214 948 344 996 Quam
362 958 405 987 tu
426 948 617 999 antiquiu'
625 976 636 995 ‚
652 947 773 999 quani
789 948 914 986 facere
930 950 1033 996 hoc,
1052 949 1188 987 fecisse
1203 950 1361 988 videris.

795 1014 814 1049 1
826 1012 846 1049 Ι
857 1014 888 1049 Ι.

218 1077 375 1114 Publiu'
383 1104 394 1122 ‚
416 1076 548 1127 parvu'
568 1075 665 1113 mihi
684 1075 903 1114 Tuditanus
918 1079 1097 1124 Quaestor
1110 1077 1224 1116 [bera

220 1143 268 1179 In
286 1149 385 1179 terra
403 1140 478 1178 ruit
495 1140 694 1192 lucifugas
713 1140 882 1187 nebulo,
903 1141 944 1178 id
963 1143 1079 1193 genu’
1100 1155 1202 1180 sane.

804 1206 827 1241 1
837 1207 885 1242 V.

219 1270 500 1307 Naumachjam
519 1269 611 1307 licet
624 1270 708 1307 haec
721 1297 733 1315 ,
753 1269 915 1319 inquam
928 1297 940 1315 ,
959 1269 1237 1322 alveolumque
1257 1279 1396 1323 putare
1410 1300 1421 1320 ,
1443 1280 1480 1310 et

222 1334 380 1372 Calces:
401 1333 570 1372 delectes
587 1342 625 1371 te
640 1363 651 1379 ‚
673 1332 757 1370 hilo
776 1346 859 1371 non
876 1334 1016 1372 rectiu’
1034 1335 1152 1372 vivas.

824 1399 874 1435 V.

226 1466 326 1501 Nam
343 1463 477 1514 paucis
498 1461 615 1499 malle
632 1474 678 1499 ac
699 1462 939 1513 sapientibus
959 1475 1043 1501 esse
1062 1464 1271 1514 probatum
1286 1492 1297 1510 ‚

225 1522 255 1563 fi
275 1530 377 1563 πᾶσιν
395 1529 543 1561 νεκύεσσι
562 1529 844 1572 καταφθιμένοισιν
868 1528 1034 1562 ἀνάσσειν.

810 1593 847 1627 V
859 1593 891 1628 Ι.

229 1656 271 1694 Si
289 1655 386 1693 mihi
404 1669 485 1693 non
502 1658 647 1697 Pr·aet0r
665 1655 737 1692 siet
756 1655 933 1701 additus,
951 1651 1070 1706 atque
1084 1656 1202 1707 agitet
1217 1670 1280 1694 me
1294 1685 1306 1703 ‚

228 1722 316 1757 Non
335 1719 436 1757 male
453 1720 508 1757 sic
525 1719 618 1768 ille,
638 1727 685 1756 ut
704 1718 794 1756 dico
805 1746 817 1763 ‚
834 1733 898 1756 me
917 1719 1142 1757 extenderat
1159 1733 1274 1758 unus.

786 1771 867 1819 ‘vl
880 1784 912 1819 1.
1054 1828 1057 1831 ,

231 1849 331 1884 Nam
347 1854 460 1883 vetus
479 1845 546 1883 ille
565 1847 660 1882 Cato
679 1845 845 1896 dignum
863 1835 1156 1899 quemcumque
1169 1848 1349 1887 lacessim

232 1909 441 1962 Appellare
455 1938 467 1956 ‚
484 1909 593 1960 quod
609 1910 692 1960 ipse
711 1910 786 1947 sibi
802 1924 884 1949 non
903 1913 1083 1968 conscius
1098 1916 1212 1951 esSet.
1236 1964 1239 1966 -

234 2060 264 2079 1.
282 2048 436 2079 Nonius:
459 2046 587 2084 Viscus,
604 2047 757 2089 positum
770 2058 832 2089 pro
885 2061 947 2092 pro
966 2050 1072 2082 ullum
1087 2052 1299 2083 vetustissimi
1313 2054 1536 2095 profereBant.

182 2099 665 2146 viscere.1daem:Largi,pm
681 2101 808 2143 largire.

232 2165 266 2185 ι.
279 2153 426 2186 Nonius:
438 2152 645 2194 Antiquuset
655 2153 833 2195 antiquior,

184 2215 225 2240 ut
243 2206 371 2251 gradu,
391 2207 437 2237 ita
457 2213 490 2237 et
510 2205 690 2238 intellectu
702 2206 832 2238 distant.

184 2262 271 2295 Nm
292 2259 447 2301 antiquus
459 2258 622 2302 significat
632 2266 755 2297 vetus·
756 2270 837 2313 ,ρι-

185 2313 329 2355 tiquior,
347 2312 475 2343 melior.
507 2321 510 2324 ⁴

236 2367 267 2396 3.
287 2365 442 2398 NonIus:
464 2365 665 2405 Nebulones,
685 2373 718 2397 et
740 2373 836 2397 tene-

188 2418 322 2451 brimus
340 2419 421 2451 dieti
441 2427 541 2458 sum,
559 2421 638 2461 quia
660 2412 839 2450 mendaciis

190 2478 226 2503 et
241 2471 374 2507 nmis,
393 2474 462 2505 mis
483 2472 642 2504 nebulam
661 2471 839 2513 quamdam

192 2531 226 2555 et
239 2516 391 2555 tenebras
402 2525 580 2568 objiciant:
593 2531 654 2556 aut
664 2524 787 2566 quihus
798 2523 841 2554 ad

130 2607 134 2613 ,
193 2575 470 2619 fugamfngitins
486 2578 733 2621 egfurta,haec
750 2583 842 2608 etant

194 2628 443 2660 accommodam
461 2637 495 2662 ct
510 2633 616 2664 utilia.

243 2687 275 2718 4.
304 2681 514 2722 Priscianus,
536 2683 595 2715 hb.
622 2685 690 2717 VI:
709 2683 841 2722 mlum,

935 2105 965 2134 5.
976 2100 1063 2135 Non.
1070 2104 1147 2134 Vid.
1155 2116 1246 2147 supr.
1238 2105 1311 2135 dib.
1317 2108 1410 2143 XIII,
1418 2107 1539 2149 frag.7.

935 2157 967 2187 6.
996 2157 1212 2195 Macrobius,
1234 2158 1293 2188 lib.
1315 2160 1384 2195 VI,
1404 2170 1474 2200 cap.
1499 2166 1538 2198 4,

888 2210 1052 2242 saturnal.

937 2272 969 2300 7.
979 2261 1184 2298 Priscianus,
1196 2260 1254 2290 lib.
1268 2262 1321 2291 X:
1334 2263 1478 2299 Lacesso,
1492 2262 1543 2293 la-

890 2311 997 2342 cessivi
1005 2322 1017 2341 .·
1036 2312 1083 2342 sic
1101 2310 1245 2348 Probus,
1258 2318 1291 2341 et
1304 2311 1439 2346 videtur
1457 2313 1543 2344 mihi

891 2364 1010 2395 melius
1019 2364 1128 2394 dicem
1137 2364 1294 2401 lacessivi,
1307 2365 1408 2406 quam
1416 2366 1543 2397 lacessi.

890 2415 1105 2456 Participimn
1131 2410 1221 2446 enim
1244 2417 1413 2458 passivum
1439 2419 1543 2450 laces-

891 2468 978 2499 situs.
991 2468 1098 2510 Caper
1108 2459 1220 2499 tamen
1233 2469 1346 2500 lacessi
1356 2470 1439 2502 dicit
1451 2482 1542 2510 esse,

893 2519 1076 2562 utfacessi,
1091 2528 1124 2552 et
1135 2522 1264 2573 profert
1276 2524 1465 2573 exemplum
1476 2526 1544 2556 Lu-

894 2573 973 2611 cilii,
981 2584 1049 2615 quo
1058 2585 1140 2605 ιιιιιι
1149 2582 1199 2605 est
1207 2575 1245 2606 in
1254 2576 1346 2607 XIV:
1356 2564 1442 2608 ffam
1449 2585 1545 2608 vetus

895 2627 950 2658 ille
974 2629 1053 2659 Cato
1078 2628 1235 2660 Iaoesa'sse
1258 2629 1435 2675 appenni,
1455 2631 1548 2674 qued

897 2681 1039 2713 conscius
1056 2681 1121 2724 ipse
1138 2693 1203 2714 non
1221 2690 1294 2715 eme
1306 2683 1380 2717 sibi.

1258 2739 1310 2781 18
