1846 3184
289 311 345 355 30
634 315 686 355 A.
719 313 970 357 PERSII
1016 316 1275 360 FLACCI

349 394 482 448 Sunt,
504 410 611 453 quos
635 397 959 456 Pacuviusque,
981 409 1025 441 et
1044 414 1273 444 verrucosa
1293 412 1487 445 moretur

348 473 563 531 Antiopa,
585 476 782 516 aerumnis
805 491 878 516 cor
901 475 1167 534 luctificabile
1178 477 1324 534 fulta.

351 550 442 592 Hos
461 552 607 609 pueris
628 552 820 594 monitus
844 564 984 611 patres
1005 554 1238 597 infundere
1256 555 1401 614 lippos

348 629 461 670 Cum
478 627 624 671 videas
636 662 648 682 ‚
668 631 881 688 quaerisne
893 663 905 685 ,
923 632 1039 674 unde
1057 633 1149 674 haec
1168 643 1335 691 sartago
1353 632 1564 691 loquendi
1606 639 1651 674 80

346 705 526 748 Venerit
543 707 589 747 in
606 707 805 766 linguas?
825 708 953 751 Unde
972 706 1086 751 istud
1105 709 1315 762 dedecus,
1336 710 1382 751 in
1403 725 1492 768 quo

346 781 578 825 Trossulus
601 767 784 826 exsultat
809 785 889 826 tibi
913 800 991 843 per
1011 785 1216 828 subsellia
1237 784 1379 827 levis?

287 915 397 959 poeta
411 922 516 948 vetus
532 912 602 947 fuit
620 912 774 959 tragicus
793 912 942 947 Pacuvii

288 968 483 1014 ὅμόχρονος,
503 979 665 1014 quocum
696 967 771 1000 fere
797 979 942 1013 semper

288 1018 387 1065 apud
421 1020 613 1066 scriptores
648 1019 825 1066 jungitur.
853 1018 941 1052 Vid.

289 1071 386 1105 Tull.
415 1085 483 1119 pro
511 1073 617 1106 Arch.
650 1075 748 1119 poet.
780 1072 941 1106 Macrob.

289 1125 437 1160 Saturn.
459 1126 525 1159 lib.
543 1126 561 1159 Ι
573 1151 584 1168 ,
600 1138 678 1173 cap.
700 1138 733 1172 7.
749 1126 830 1159 val.
846 1126 942 1159 Max.

290 1180 353 1214 lib.
370 1180 430 1214 111
441 1205 452 1222 ‚
467 1192 547 1226 cap.
564 1192 584 1226 7
596 1205 607 1222 ,
623 1188 691 1213 etc.
707 1180 750 1214 C.
765 1188 801 1213 et
816 1180 855 1213 P.

339 1245 396 1279 77.
439 1236 606 1266 Pacuvius.
627 1233 640 1279 ]
685 1231 944 1279 Tragoedorum

290 1286 461 1333 princeps
474 1286 657 1332 aliquanto
669 1286 794 1330 junior
802 1286 942 1320 Plauto.

291 1340 401 1373 Ennii
422 1352 467 1373 ex
488 1351 608 1373 sorore
629 1351 741 1385 nepos
761 1339 869 1373 fuisse
890 1338 944 1373 di-

291 1394 398 1428 citur.
440 1394 606 1428 Duorum
645 1394 817 1429 horumce
858 1397 945 1440 poe'-

291 1454 411 1479 tarum
433 1445 564 1492 stylus,
580 1453 670 1479 teste
695 1445 922 1487 Quintiliano
933 1469 944 1483 ‚

290 1497 358 1532 lib.
378 1499 412 1531 X
427 1523 437 1541 ‚
458 1510 536 1544 cap.
562 1510 577 1531 1
593 1522 604 1540 ‚
619 1510 722 1544 asper
743 1497 892 1544 quidem
909 1506 945 1532 et

292 1551 405 1585 durus
423 1576 434 1593 ,
459 1559 616 1586 attamen
644 1551 839 1586 interlucet
867 1564 946 1586 sen-

293 1604 428 1639 tentiis.
438 1624 485 1630 --
495 1607 684 1638 Verrucosa.
697 1605 808 1646 Quasi
822 1617 946 1639 verru-

293 1657 344 1691 cis
359 1667 396 1692 et
412 1657 616 1692 tumoribus
639 1670 762 1704 aspera
772 1683 783 1700 ,
798 1670 871 1705 pree
889 1670 947 1694 ve-

294 1719 447 1753 tustate,
466 1709 566 1744 rudis
582 1719 619 1745 et
635 1710 811 1757 impolita.
826 1711 866 1745 P.

341 1766 398 1810 78.
414 1767 582 1809 Antiopa]
602 1764 748 1799 Titulus
767 1764 946 1812 tragoediae

293 1816 503 1852 Pacuvianae
519 1842 530 1859 ‚
563 1819 666 1864 cujus
700 1817 751 1852 sic
779 1818 946 1852 meminit

294 1870 393 1904 Tull.
419 1871 482 1904 lib.
509 1871 526 1904 1
538 1896 549 1912 ‚
571 1870 617 1905 de
645 1871 723 1905 Fin.
751 1874 829 1915 Quis
847 1874 949 1905 Ennii

294 1926 462 1964 Medeam,
476 1934 510 1957 ec
527 1927 661 1959 Pacuvii
678 1928 854 1969 Antiopam
870 1939 947 1959 con-

294 1988 418 2011 temnat
438 1988 472 2011 ec
497 1980 868 2024 rejiciae.—Aerumnis
890 1993 947 2013 cor

294 2033 499 2078 luctificabile
516 2033 623 2076 fulta.
651 2033 771 2066 Verba
800 2032 945 2067 Pacuvii

295 2097 342 2119 ex
357 2085 513 2131 Antiopa
523 2111 533 2127 ‚
547 2084 646 2132 quod
667 2094 720 2119 est
739 2085 946 2120 verissimil-

293 2137 437 2179 limum,
448 2136 675 2185 deprompta.
687 2137 794 2172 Hunc
803 2150 946 2172 versum

294 2191 437 2226 Persius
443 2192 574 2227 merito
582 2200 697 2232 notat,
709 2199 789 2226 tum
797 2201 946 2238 propter

295 2245 543 2292 metaphoram
554 2245 788 2293 impropriam
795 2271 806 2288 ,
818 2244 946 2279 duram

295 2308 332 2333 et
360 2299 544 2346 ineptam,
564 2301 713 2333 oemmnis
733 2300 850 2344 fulta,
878 2312 945 2346 pro

295 2351 552 2386 circumcincta
568 2352 828 2387 calamitatibus
839 2378 850 2394 ‚
866 2361 945 2386 tum

295 2414 445 2452 propter
484 2406 707 2441 manifestam
748 2405 945 2440 assectatio-

294 2470 380 2492 nem
390 2484 398 2499 ‚
415 2471 495 2505 quae
510 2459 605 2494 inest
619 2459 659 2493 in
675 2459 836 2506 epitheto
853 2462 946 2493 Iucti-

293 2512 422 2550 ficabile
430 2525 445 2550 ;
463 2511 562 2558 quod
574 2513 727 2557 yerbum
735 2538 745 2555 ‚
759 2522 944 2560 praeterea,

294 2576 422 2611 parum
436 2567 592 2601 sermoni
607 2576 733 2614 aptum
745 2576 800 2601 est
812 2575 848 2602 et
861 2579 946 2601 con-

995 912 1154 947 veniens.
1177 913 1229 947 Ea
1255 922 1377 948 autem
1397 922 1504 948 vocat
1525 913 1650 949 Horat.

995 969 1157 1010 ampullas
1171 977 1205 999 et
1221 969 1460 1011 sesquipedalia
1473 970 1589 1001 verba.
1605 969 1649 1002 A.

1045 1049 1102 1082 79.
1134 1040 1199 1069 Hos
1221 1039 1335 1080 pueris
1361 1039 1500 1071 monicus
1511 1063 1524 1078 ‚
1550 1047 1614 1072 etc.
1635 1038 1647 1084 ]

998 1089 1093 1123 Cfnn
1113 1089 1227 1136 igitur
1242 1089 1364 1124 videas
1386 1098 1506 1138 patres
1529 1093 1651 1136 lippos,

997 1144 1138 1177 insanos
1151 1144 1228 1179 haec
1242 1143 1494 1191 praecipientes
1507 1144 1631 1191 pueris
1640 1169 1653 1185 ‚

997 1196 1155 1239 scilicet,
1174 1205 1216 1231 ut
1237 1206 1375 1231 veteres
1396 1201 1523 1244 poetas
1547 1197 1653 1232 sicuti

998 1249 1212 1296 exemplaria
1221 1248 1404 1297 sequenda
1412 1249 1534 1296 legant
1545 1258 1654 1297 atque

997 1303 1431 1347 sectentur.-Infundere.
1439 1304 1563 1337 Recte:
1571 1315 1655 1337 nam

997 1367 1195 1401 puerorum
1209 1355 1355 1402 ingenio
1368 1355 1480 1396 instar
1487 1357 1654 1391 vasorum

999 1417 1092 1442 sunt.

1046 1471 1103 1504 80.
1123 1472 1212 1503 Unde
1230 1472 1301 1503 haec
1316 1480 1446 1516 sartago
1460 1472 1622 1514 loquendi.
1635 1471 1648 1517 ]

998 1522 1188 1557 Misturam
1224 1523 1318 1557 hanc
1351 1531 1576 1558 vetustarum
1617 1532 1654 1557 et

999 1574 1246 1610 damnatarum
1283 1575 1510 1610 locutionum
1546 1585 1653 1610 vocat

999 1628 1213 1676 sartaginem
1251 1627 1425 1676 loquendi
1449 1654 1461 1671 ,
1491 1628 1655 1664 alludens

999 1682 1045 1716 ad
1053 1682 1246 1717 stridorem
1255 1683 1434 1729 ingratum
1440 1694 1564 1717 rerum
1573 1696 1654 1730 quae

1000 1737 1039 1770 in
1047 1737 1222 1784 sartagine
1231 1736 1426 1784 friguntur.
1443 1753 1458 1767 ι
1470 1737 1522 1771 Ut
1533 1746 1654 1772 autem

1002 1806 1017 1820 ι
1032 1788 1134 1824 addit
1163 1790 1311 1825 casaub.
1334 1815 1346 1833 ‚
1373 1789 1515 1824 Persius
1544 1798 1651 1824 sarta·

1002 1860 1016 1873 ι
1032 1844 1153 1890 ginem
1163 1842 1208 1877 de
1219 1843 1381 1877 oratione
1394 1841 1506 1883 dixin
1520 1842 1570 1876 sic
1579 1842 1653 1876 Eu·

1002 1914 1016 1926 ι
1032 1897 1140 1931 bulus
1161 1896 1308 1931 Graecus
1330 1896 1488 1931 comicus
1509 1896 1652 1931 ferven-

1003 1966 1017 1980 ι
1033 1950 1126 1984 tium
1148 1950 1353 1996 patinarum
1379 1962 1509 1984 sonum
1528 1948 1654 1996 appel-

1002 2023 1016 2036 «
1031 2005 1118 2038 lavit
1131 2004 1266 2051 λάλημα
1277 2032 1287 2047 ,
1304 2003 1343 2039 id
1362 2012 1414 2039 est
1425 2029 1437 2046 ,
1452 2003 1650 2051 loquelam·

998 2057 1114 2097 Δοπὰς
1125 2059 1288 2103 παφλάζει
1299 2056 1454 2105 βαρῧάρῳ
1461 2056 1629 2103 λαλήματι
1643 2064 1651 2071 ·

998 2108 1141 2147 Πηὸὧσι
1153 2108 1188 2144 δ’
1198 2112 1283 2155 ἰχθῦς
1298 2112 1329 2144 ἐν
1346 2111 1475 2157 μέσοισι
1486 2109 1650 2156 τηγάνοις·

1002 2180 1017 2194 ι
1033 2167 1185 2208 Sar-tago,
1199 2162 1423 2208 vox-origine
1438 2161 1591 2209 Syriaca.
1610 2177 1625 2190 ι

1047 2235 1103 2269 81.
1135 2236 1226 2266 Unde
1255 2235 1342 2266 istud
1366 2233 1514 2265 dedecus.
1530 2232 1542 2277 J
1572 2244 1651 2266 cor-

998 2296 1113 2333 ruptae
1126 2285 1342 2332 eloquentiae
1351 2309 1362 2325 ‚
1372 2286 1475 2331 cujus
1484 2284 1651 2318 facinoris

998 2341 1083 2373 cum
1093 2338 1230 2385 pudere
1243 2336 1392 2371 deberet
1402 2345 1566 2371 auctores
1574 2361 1585 2378 ,
1595 2336 1650 2370 illi

999 2401 1123 2428 contra
1131 2392 1177 2427 de
1188 2391 1319 2426 teneris
1333 2390 1518 2431 sensiculis
1527 2398 1562 2424 et
1574 2402 1652 2424 sen-

999 2446 1159 2490 tentiolis
1184 2444 1411 2481 vibrantibus
1441 2444 1492 2478 sic
1523 2443 1652 2477 trium·

998 2501 1112 2548 phant
1124 2525 1135 2541 ‚
1151 2499 1253 2547 quasi
1266 2497 1312 2533 de
1325 2511 1365 2532 re
1376 2498 1470 2531 bene
1484 2506 1591 2543 gesta.
1608 2496 1650 2530 C.

1047 2567 1104 2601 82.
1123 2566 1307 2608 Trossulus]
1326 2564 1358 2597 A
1374 2561 1546 2597 Trossulo
1559 2561 1651 2596 Tus·

338 2679 384 2711 V.
401 2680 455 2710 80.
471 2680 620 2723 Sartago.
639 2682 690 2711 Ita
707 2679 829 2722 legitur
846 2679 936 2723 apud
959 2679 1058 2711 codd.
1073 2685 1106 2710 et
1126 2678 1266 2720 optimas
1287 2675 1364 2708 edd.
1380 2674 1468 2707 Male
1485 2675 1603 2718 igitur,
1618 2678 1660 2705 et>

295 2738 413 2764 contra
429 2740 575 2763 mentem
593 2735 699 2775 poetae
710 2756 719 2772 ‚
733 2733 867 2775 quidam
883 2733 1025 2765 editores
1037 2737 1283 2775 proposuerunt
1286 2729 1443 2773 farrago.
