1846 3184
635 250 893 325 SAT1RA
937 278 975 322 L

213 363 314 409 Non
329 365 400 407 hic
409 395 421 418 ‚
440 364 574 422 quiin
593 362 782 421 crepidas
797 362 1024 404 Graiorum
1037 359 1186 403 ludere
1201 360 1325 419 gestit

1410 285 1460 333 41

215 440 417 484 Sordidus
428 471 441 493 ‚
458 450 500 482 et
519 440 639 481 lusco
661 439 737 496 qui
758 438 893 496 poscit
912 437 1074 489 dicere,
1091 437 1228 489 lusce,

214 516 312 557 Sese
327 515 510 571 aliquem
528 513 703 556 credens
713 545 725 566 ‚
743 513 849 554 Italo
868 507 986 569 quod
1002 512 1165 553 honore
1181 506 1379 569 supinus*

159 621 163 625 »
216 589 404 648 Fregerit
424 589 614 630 heminas
631 585 771 631 Arreti
791 586 923 629 aedilis
945 586 1114 643 iniquas
1131 602 1143 639 ;

158 715 246 749 toris
264 715 411 749 excitata
433 722 467 749 et
490 713 701 748 inflammata
714 738 724 755 ‚
744 712 788 747 ad

157 779 252 801 meas
261 767 390 802 deinde
402 768 521 802 satiras
533 766 697 812 legendas
707 779 790 813 pro-

159 819 260 854 clivis
271 827 307 854 et
319 819 455 855 fervida
468 819 537 853 fiat.
554 820 594 852 A.

209 883 287 918 1²7·
304 874 378 904 Non
398 873 470 911 hic,
488 872 560 917 eta]
584 871 790 906 Praeceden·

152 923 276 968 nibus,
294 925 383 959 dixit
399 937 418 959 a
438 925 569 972 quibus
588 925 659 970 legi
681 925 788 968 velit3

158 989 258 1012 nunc
278 977 365 1017 dicit
388 990 408 1011 a
431 978 563 1024 quibus
586 978 686 1014 nolit.
707 979 790 1011 Duo

159 1029 349 1063 hominum
377 1042 505 1076 genera
532 1022 567 1063 a·
583 1031 655 1063 suis
682 1030 793 1064 satiris

159 1081 317 1128 legendis
332 1081 508 1124 excludit3
522 1082 653 1116 seilicet
665 1107 675 1123 ‚
691 1083 793 1128 inep-

161 1142 217 1167 tos
238 1134 475 1174 cavillatores,
500 1135 640 1177 fatuos;
665 1134 795 1169 deinde

162 1187 388 1220 scientiarum
414 1186 671 1222 detrectatores.
679 1207 725 1212 —
735 1190 800 1230 Qui

164 1240 197 1271 in
215 1241 383 1282 crepidas,
406 1249 463 1271 etc.
486 1239 574 1280 Isti,
597 1239 646 1273 ait
670 1243 771 1285 poeta
783 1264 794 1281 ,

164 1291 226 1336 qui
245 1315 257 1332 ,
281 1293 370 1325 vana
404 1291 582 1338 sapientia
615 1300 651 1325 et
682 1292 793 1327 virili-

162 1343 242 1377 tatis
265 1345 519 1385 ostentatione,
542 1343 673 1378 Grecis
693 1357 792 1378 snam

162 1395 201 1429 in
219 1396 320 1430 cultu
341 1396 545 1442 elegantiam
567 1396 726 1430 criminis
742 1398 795 1431 lo-

163 1459 206 1482 α)
232 1447 404 1494 objiciunt
425 1461 438 1492 ς
463 1450 547 1482 cum
582 1449 649 1494 ipsi
681 1449 794 1484 multo

162 1499 272 1546 magis
281 1500 352 1534 sint
363 1499 650 1547 reprehendendi
662 1525 673 1542 ‚
687 1513 794 1548 prop-

162 1559 218 1585 ter
233 1550 354 1586 sordes
374 1560 410 1586 et
431 1553 625 1592 avaritiam,
640 1554 696 1588 vel
714 1554 793 1587 irri-

162 1602 286 1643 dendi,
292 1612 439 1650 propter
453 1605 712 1639 affectationem
721 1606 794 1640 ine-

163 1664 260 1702 ptam
276 1657 414 1691 illuviei
434 1665 469 1691 et
487 1658 647 1704 neglecti·
656 1658 788 1693 cultus.

163 1710 368 1752 —Orepa‘dae.
387 1708 477 1743 Sunt
496 1710 643 1756 proprie
655 1709 796 1744 Graeco-

164 1773 244 1794 rum
256 1785 267 1803 ‚
290 1770 332 1796 ut
351 1760 456 1796 calcei
480 1763 743 1806 Romanorum3
761 1771 796 1797 et

164 1814 307 1856 crepidas
317 1814 502 1848 nominans
512 1840 523 1855 ‚
540 1823 656 1847 totum
668 1815 798 1849 intelli-

165 1866 217 1911 git
231 1866 434 1900 Graeo'orum
446 1867 609 1901 studium
617 1869 796 1912 φιλοκαλίας

167 1916 258 1950 circa
270 1917 423 1951 cultum.
437 1919 479 1952 C.
723 1947 726 1950 .
772 1942 775 1945 ,

217 1970 294 2003 128.
319 1973 363 2003 Et
380 1973 467 2004 lusco
493 1972 552 2014 qui
566 1967 689 2015 poscit,
715 1975 796 2016 eta]

165 2022 284 2069 Apage
312 2024 417 2058 etiam
442 2025 675 2059 cachinnones
689 2049 700 2066 ‚
721 2025 800 2059 illos

166 2075 283 2109 fatuos
298 2099 310 2116 ,
332 2076 396 2122 qui
424 2077 594 2112 naturalia
618 2077 694 2111 aliis
715 2078 800 2112 vitia

166 2128 378 2172 exprobrare
392 2129 565 2174 gestiunt,
582 2143 661 2176 quae
682 2138 798 2164 tamen

166 2180 302 2214 nemini
319 2182 453 2226 probro
471 2194 545 2216 esse
561 2182 703 2217 dehent.
719 2183 759 2216 P.

170 2255 177 2261 -
215 2243 294 2277 129.
310 2237 380 2266 Sese
396 2235 536 2277 aliquem
554 2238 701 2275 eredens,
715 2236 792 2282 eta]

167 2282 215 2316 Hi
224 2293 307 2318 sunt
316 2310 327 2327 ‚
341 2295 433 2332 quos
444 2286 559 2321 fatuos
570 2288 771 2323 vocavimus
783 2313 795 2329 ,

1404 590 1469 625 130

841 712 904 759 qui
924 712 1049 746 infimo
1072 712 1184 746 functi
1204 711 1341 746 honore
1355 724 1389 745 se
1405 725 1475 745 ere·

839 769 922 799 dum
934 768 1076 809 aliquos,
1095 773 1132 800 et
1155 773 1299 799 caeteros
1319 765 1474 812 superbe

838 822 1147 864 respuunt.-—-Sese
1155 820 1307 861 aliquem.
1321 818 1474 852 locutio

840 871 1020 905 familiaris
1030 880 1067 905 et
1079 870 1254 905 Juvenali.
1262 869 1349 904 vid.
1358 879 1421 904 sat.
1433 870 1451 903 1
1460 894 1471 910 ‚

840 937 875 957 v.
888 928 945 968 74.
954 924 1151 966 —Supinus.
1162 924 1352 969 Arrogans,
1359 930 1394 956 et
1403 922 1477 956 ani-

842 977 891 1010 mi
903 976 1031 1010 vitium
1044 976 1121 1022 ipso
1137 976 1295 1022 corporis
1306 983 1406 1022 gestu
1417 988 1478 1022 pa-

842 1029 913 1062 lam
927 1029 1066 1062 saciens.
1082 1029 1144 1062 Est
1162 1041 1272 1075 genus
1289 1028 1478 1062 hominum

844 1081 1007 1127 superbia
1032 1080 1256 1123 inflatorum,
1277 1082 1342 1127 qui
1362 1081 1479 1127 ingre·

847 1133 999 1167 diuntur
1014 1132 1101 1167 adeo
1116 1142 1231 1168 erecto
1247 1146 1395 1180 corpore
1405 1158 1417 1175 ,
1430 1142 1483 1166 at-

847 1199 919 1233 que
934 1188 1125 1232 ὓψαύχενες,
1143 1195 1185 1221 nt
1206 1188 1243 1220 in
1262 1187 1367 1221 coelos
1384 1186 1481 1221 sculi

846 1251 969 1272 eornm
985 1250 1058 1272 non
1076 1239 1191 1272 multo
1207 1251 1307 1272 secus
1321 1239 1482 1272 ferantur

845 1302 885 1323 ac
905 1290 1216 1336 resnpinatorum;
1235 1302 1325 1337 qnos
1350 1290 1400 1323 sic
1425 1302 1481 1323 re-

842 1342 1030 1388 prehendit
1038 1343 1189 1390 Epictet.
1202 1355 1260 1389 ap.
1269 1343 1459 1376 Arrianum
1467 1366 1480 1382 .

845 1396 910 1429 lib.
928 1397 968 1437 Ι,
987 1408 1064 1442 cap.
1089 1408 1146 1430 21·
1167 1396 1206 1430 Τὶ
1222 1397 1295 1442 ὑμῖν
1316 1395 1479 1430 ὂῧελίσὶιον

846 1449 1013 1483 καταπιὼν
1028 1451 1237 1494 περιπατεῖς
1252 1450 1359 1485 ἤθελον
1375 1449 1428 1482 ἴνα
1441 1461 1481 1493 με

844 1500 899 1535 καὶ
917 1501 945 1534 οἱ
966 1502 1174 1540 ἀπαντῶντες
1192 1502 1391 1548 θαυμάζωσι.
1406 1500 1447 1534 C.

893 1551 973 1585 130.
986 1553 1131 1596 Fregerit
1140 1553 1298 1591 heminas,
1315 1553 1391 1595 etc.]
1404 1550 1482 1584 Hoc

844 1604 1006 1650 exemplo
1026 1603 1206 1650 dignitatis
1229 1612 1299 1638 tam
1318 1617 1432 1650 parvae
1448 1612 1485 1638 et

841 1657 1013 1690 honorem
1022 1657 1131 1691 elevat
1142 1683 1152 1700 ‚
1166 1666 1201 1691 et
1213 1656 1400 1690 ridiculam
1410 1669 1485 1690 car-

847 1709 902 1754 pit
927 1710 1159 1755 arrogantiam
1185 1721 1310 1742 eorum
1335 1709 1399 1754 qui
1422 1708 1484 1741 illo

848 1762 963 1795 functi
983 1771 1094 1797 erant.
1118 1762 1238 1795 Primo
1262 1763 1384 1799 aedilis;
1404 1773 1485 1807 quae

849 1813 1001 1860 dignitas
1007 1813 1128 1848 infima
1138 1823 1221 1848 erat.
1229 1813 1405 1855 Secundo,
1411 1826 1486 1847 non

848 1867 887 1900 in
896 1867 993 1901 Urbe
1005 1891 1017 1909 ,
1032 1866 1092 1901 sed
1102 1867 1141 1900 in
1153 1867 1350 1913 municipio
1360 1879 1370 1909 ;
1385 1866 1485 1913 quod

846 1919 892 1954 ad
912 1919 1151 1954 minuendum
1174 1920 1349 1954 honorem
1369 1919 1485 1966 pluri·

846 1985 946 2006 mum
954 1973 1056 2007 valet.
1065 1973 1237 2007 Caetoeum
1243 1997 1253 2013 ,
1264 1971 1380 2006 aediles
1388 1984 1486 2006 men·

850 2026 940 2059 suris
955 2034 990 2059 et
1004 2024 1224 2072 ponderibus
1238 2025 1419 2071 praefuisse
1432 2025 1486 2057 in-

851 2086 906 2112 ter
913 2079 990 2118 alia,
997 2087 1031 2113 et
1041 2079 1162 2125 iniqua
1171 2079 1311 2124 fregisse
1320 2078 1486 2119 omnibus

850 2138 977 2163 notum
988 2155 1000 2173 ‚
1011 2143 1056 2164 ex
1067 2130 1166 2164 Tull.
1184 2130 1251 2163 lib.
1266 2131 1304 2163 11
1314 2155 1326 2171 ‚
1341 2129 1386 2163 de
1400 2130 1485 2174 Leg.

850 2185 980 2217 Juven.
997 2192 1062 2217 sat.
1080 2184 1137 2225 X,
1155 2197 1190 2216 v.
1216 2196 1278 2217 102
1295 2209 1306 2224 ‚
1324 2182 1483 2215 Turneb.

847 2236 912 2269 lib.
935 2237 1081 2277 XXIX,
1102 2248 1180 2281 cap.
1205 2248 1269 2273 20,
1291 2243 1325 2268 et
1346 2234 1486 2267 aliis.—

847 2291 1006 2322 Heminas.
1018 2288 1168 2322 Hemina
1180 2296 1232 2322 est
1245 2298 1417 2320 mensurae
1430 2297 1488 2331 ge-

212 2390 256 2420 V.
274 2401 349 2430 ¹²7-
361 2391 537 2423 Graiorum.
551 2393 631 2425 Cod.
649 2401 760 2424 noster
771 2416 782 2433 ,
798 2394 964 2425 GaHorum
974 2406 988 2430 ;
1007 2402 1039 2424 et
1050 2417 1060 2432 ‚
1075 2395 1111 2424 in
1120 2393 1278 2435 margine:
1294 2392 1340 2422 al.
1362 2392 1486 2423 Graior.

211 2443 253 2472 V.
269 2444 345 2473 128.
358 2444 469 2474 Poscit.
480 2446 544 2475 ΧΠ
558 2446 652 2476 codd.
666 2447 787 2477 habent
798 2446 906 2487 possit.
918 2449 968 2477 Ita
981 2453 1045 2477 vet.
1064 2446 1164 2476 schol.
1178 2452 1209 2475 at
1221 2444 1359 2475 vividior
1372 2451 1483 2476 nostra

147 2529 150 2531 ι
166 2491 280 2524 lectio:
293 2504 369 2540 nam
386 2496 422 2526 id
442 2503 491 2526 est
505 2497 611 2538 poscit
627 2498 663 2528 in
681 2498 745 2529 hoc
767 2509 863 2528 versu
877 2521 886 2535 ‚
907 2498 999 2538 quod
1017 2497 1112 2538 gestit
1128 2507 1226 2538 supra
1234 2519 1247 2533 ‚
1260 2503 1294 2527 ct
1310 2497 1397 2527 infra
1417 2497 1484 2533 scit.

167 2547 309 2587 Utraque
321 2558 388 2579 vox
398 2549 513 2579 vitium
527 2550 664 2581 denotat
685 2558 717 2581 et
731 2551 847 2581 malam
868 2550 1147 2581 consuetudinem.
1169 2551 1218 2580 Un
1233 2549 1358 2580 homme
1374 2550 1434 2591 qui
1443 2561 1485 2581 ne

169 2596 303 2628 cher-che
317 2599 412 2639 qu’d,
427 2603 652 2633 eta—Lusca
674 2603 835 2634 Nonnulli
856 2602 992 2633 editoroe
1012 2602 1126 2644 legunt
1148 2603 1257 2633 luscus.
1278 2602 1379 2642 Quod
1401 2609 1486 2633 recte

171 2656 276 2690 potest
294 2652 462 2692 explicari;
477 2653 511 2684 id
530 2660 597 2691 est,
611 2654 669 2695 qui
689 2655 789 2684 luscus
814 2655 882 2695 ipse
900 2655 1016 2696 gestit,
1030 2655 1136 2697 poscit
1150 2655 1232 2688 alios
1251 2653 1430 2696 ludificari,
1452 2662 1484 2686 et

121 2729 125 2736 ,
168 2708 282 2732 vocare
297 2701 412 2734 luscos.
425 2704 504 2736 Cod.
520 2711 645 2744 noster,
656 2705 755 2746 possis
769 2711 799 2736 et
815 2705 909 2737 lusce.
