1846 3184
255 262 336 320 196
383 282 385 284 ·
558 261 753 304 VETT.
790 261 1289 306 COMMENTARII

562 363 649 416 ἸΝ
681 364 957 426 SATIRAM
996 378 1256 418 SEXTAM.

799 490 845 511 ΙΝ
870 489 1048 512 AVLROS·

248 590 253 593 ¹
300 572 348 609 V.
378 585 412 608 1.
443 572 650 616 Admovit.]
685 572 794 607 Hanc
825 572 981 608 satiram
1015 571 1148 610 scribit
1181 573 1332 610 Persius
1359 573 1408 610 ad
1433 573 1600 611 Caesium

247 636 406 673 Bassum
421 664 431 682 ‚
452 637 609 685 poetam
631 634 798 684 lyricum
810 662 820 680 ‚
838 648 957 685 quem
983 635 1083 673 fama
1102 645 1181 683 est,
1199 637 1240 674 in
1258 637 1412 688 praediis
1430 637 1510 675 suis
1529 651 1602 688 po-

248 700 366 738 situm
384 728 394 745 ‚
422 698 580 736 ardente
613 699 782 736 Vesuvio
817 708 951 737 monte
988 701 1205 751 Campaniae
1225 729 1235 747 ‚
1265 709 1304 739 et
1334 701 1409 738 late
1444 702 1600 752 ignibus

246 762 467 802 abundante
483 792 493 807 ‚
516 776 608 800 cum
628 761 719 801 villa
738 776 806 800 sua
825 753 958 801 ustun'x
977 777 1072 802 esse.
1095 763 1167 802 Hic
1189 779 1280 816 ergo
1293 795 1304 812 ‚
1322 765 1417 803 dum
1433 765 1600 811 viveret,

246 830 373 866 Roma
389 827 438 864 ad
454 826 618 865 Sabinos
635 827 851 866 necessario
871 828 1056 866 transibat
1067 857 1077 875 ‚
1095 828 1166 880 ubi
1181 830 1350 867 brumali
1369 838 1543 881 tempore
1560 830 1601 867 in

246 891 374 931 calido
393 892 482 930 loco
502 891 670 930 carmina
692 889 896 930 scribebat.
1175 887 1178 889 Α

298 972 347 1007 V.
374 970 411 1005 6.
436 968 542 1005 Mihi
561 982 661 1005 nunc
681 969 800 1018 Ligus
824 973 921 1015 orca]
945 969 1126 1020 Seipsum
1148 969 1300 1007 Persius
1325 970 1512 1021 significat
1537 984 1601 1008 se-

246 1033 402 1071 cessisse
423 1032 462 1070 in
475 1033 640 1084 Liguriae
659 1032 755 1070 fines
769 1061 779 1078 ‚
798 1032 999 1081 videlicet,
1016 1042 1177 1084 propter
1193 1033 1369 1070 Fulviam
1387 1034 1602 1072 Sisenniam

245 1106 409 1136 matrem
426 1111 535 1135 suam
549 1126 559 1144 ,
578 1111 665 1149 quae
685 1106 772 1149 post
790 1106 958 1136 mortem
977 1098 1115 1149 prioris
1133 1098 1206 1135 viri
1224 1098 1279 1135 ibi
1297 1106 1419 1150 nupta
1438 1106 1529 1136 erat.

297 1176 345 1211 V.
366 1189 401 1222 7.
420 1175 649 1225 Hybemat.]
667 1175 799 1220 Saevit3
820 1145 917 1219 vd'a
934 1174 1095 1226 navigiis
1111 1183 1231 1212 vacat.
1245 1175 1355 1213 Sicut
1369 1174 1474 1212 enim
1487 1189 1602 1213 naves

245 1239 460 1290 hybernare
479 1238 670 1286 dicimus3
689 1239 743 1276 sic
764 1247 802 1276 et
821 1252 947 1285 mare,
964 1240 1055 1276 cum
1074 1251 1153 1276 non
1171 1237 1382 1290 navigatur.

298 1318 346 1353 V.
373 1329 432 1352 10.
459 1316 536 1353 Cur
543 1314 655 1362 jubet
672 1315 744 1352 hoc
765 1317 893 1361 Enmfi]
923 1317 1037 1353 Hunc
1055 1328 1209 1353 versum
1233 1315 1283 1353 ad
1307 1328 1423 1353 suum
1447 1328 1603 1353 carmen

247 1378 296 1417 de
315 1379 428 1417 Ennii
447 1378 682 1416 carminibus
704 1379 910 1416 transtulit.

298 1459 346 1494 V.
366 1461 429 1501 24.
457 1456 672 1492 Turdarum
695 1469 804 1492 nosse
825 1456 1019 1507 salivam]
1047 1458 1290 1507 Cognoscere
1309 1456 1517 1494 turdorum
1539 1469 1602 1493 sa-

246 1533 374 1573 poreS.
405 1519 539 1558 Solent
573 1519 677 1557 enim
712 1519 874 1570 quidam
908 1519 1010 1571 gulae
1047 1519 1169 1557 dediti
1189 1549 1200 1566 ,
1232 1529 1346 1558 tantae
1381 1520 1604 1558 subtilitatis

245 1584 390 1623 habere
417 1583 613 1636 palatum,
635 1592 681 1621 ut
708 1584 935 1635 dignoscant
962 1584 1121 1630 turdos,
1143 1598 1191 1621 an
1218 1585 1397 1622 cellarius
1412 1614 1422 1630 ‚
1446 1597 1508 1622 an’
1524 1594 1603 1622 ter-

246 1650 370 1688 rarius
387 1650 470 1700 (24)
491 1650 539 1687 sit
557 1663 565 1686 :
587 1662 636 1686 an
660 1649 876 1695 masculus,
897 1663 946 1687 an
970 1649 1126 1687 femina.
1146 1649 1490 1687 Turdarumdixit
1506 1650 1602 1687 abu-.

246 1715 349 1763 sive,
369 1713 460 1752 cum
479 1714 688 1751 turdorum
705 1713 892 1752 debuerat
903 1743 919 1760 ,,
934 1722 979 1751 ut
1000 1714 1183 1752 Horatius
1200 1715 1310 1768 ponit
1327 1728 1336 1751 ε

482 1805 569 1835 Penc
586 1814 712 1835 macros
723 1826 731 1842 ,
749 1803 845 1841 arsit,
867 1803 947 1834 dum
963 1803 1079 1834 turdos
1097 1810 1203 1833 versat
1216 1803 1254 1833 in
1269 1803 1350 1845 igni.

301 1885 349 1920 V.
372 1884 433 1920 30.
457 1878 635 1932 Ingentes
652 1884 700 1920 de
710 1896 846 1932 puppe
865 1884 970 1928 Dei.]
988 1882 1155 1919 Navium
1175 1881 1338 1919 tutelam
1355 1881 1468 1929 dicit,
1485 1895 1604 1933 quam

248 1936 290 1986 in
307 1947 508 1999 puppibus
527 1946 672 1984 habent
684 1976 695 1993 ,
714 1947 777 1984 vel
795 1947 974 1998 pingunt.

301 2027 350 2061 V.
383 2023 445 2060 35.
479 2024 577 2059 Ossa
604 2024 795 2069 inodora.]
826 2023 916 2061 Sine
944 2022 1154 2074 unguentis
1177 2037 1185 2059 :
1212 2022 1275 2061 vel
1300 2022 1488 2060 inhonora
1507 2051 1522 2070 ,
1547 2035 1606 2060 se-

249 2087 420 2141 pulturae
439 2087 588 2124 honore
607 2087 786 2124 carentia.

302 2168 350 2203 V.
374 2171 436 2210 40.
463 2166 603 2201 Crasso
622 2165 814 2202 vitiarunt
831 2165 1027 2212 unguina]
1053 2163 1188 2200 Solent
1208 2163 1343 2201 rustici
1362 2161 1453 2200 cum
1470 2162 1604 2200 oleum

250 2228 438 2274 defuerit,
458 2227 611 2279 adipem
623 2229 640 2246 *
658 2208 917 2278 pecudum⁸in
935 2226 1088 2277 pultem
1107 2227 1224 2264 misso
1243 2240 1315 2278 pro
1335 2227 1424 2264 oleo
1442 2226 1515 2263 uti.

302 2308 351 2343 V.
375 2304 438 2342 55.
458 2305 614 2341 Accede
638 2305 826 2349 bovillas]
846 2302 1007 2340 Bovillae
1020 2302 1104 2352 (25)
1123 2311 1214 2340 sunt
1233 2303 1342 2340 vicus
1365 2302 1415 2339 ad
1442 2302 1607 2340 undeci-

250 2383 362 2406 mum
387 2368 559 2419 lapidem
580 2368 719 2418 Appiae
739 2367 834 2404 viae:
856 2366 948 2417 quia
981 2366 1191 2416 aliquando
1219 2366 1260 2403 in
1287 2366 1441 2403 Albano
1470 2375 1604 2404 monte

251 2434 300 2471 ab
320 2446 383 2470 ara
405 2432 557 2483 fugiens
575 2440 711 2479 taurus
733 2433 813 2483 jam
839 2438 1107 2476 consecratus,
1132 2430 1188 2467 ibi
1213 2429 1517 2481 comprehensus
1535 2439 1605 2468 est.

252 2498 350 2535 Inde
375 2497 533 2535 Bovillae
552 2497 677 2534 dictae.

304 2577 351 2610 V.
372 2573 436 2611 56.
464 2575 684 2623 Clivumque
704 2574 762 2609 ad
781 2573 912 2619 Virbzs]
939 2575 1117 2618 Quatuor
1143 2570 1319 2608 millibus
1346 2571 1394 2608 ab
1421 2571 1526 2609 Urbe
1551 2581 1608 2609 est

252 2637 377 2675 Virbii
405 2638 551 2685 clivus,
574 2636 653 2690 qua
681 2637 754 2676 iter
780 2645 838 2676 est
863 2636 913 2676 ad
934 2627 1127 2684 Ariciani,
1148 2643 1187 2673 et
1211 2635 1261 2674 ad
1289 2648 1428 2674 nemus
1451 2636 1606 2682 Dianae,
