1846 3184
470 284 991 343 Exnpuuzmxxx
1027 286 1241 328 snm.
1445 287 1526 330 305

680 463 741 476 m

985 463 1046 476 m

344 588 439 633 EX
483 587 701 633 LIBRO
738 589 899 633 XXX
937 588 1372 636 SATIRARUM.

853 728 885 763 1.

249 791 326 830 nlo
344 790 442 842 qnid
462 789 528 828 fiat
542 790 695 836 Lamia,
712 798 750 828 et
766 784 892 840 Pytho
910 790 1152 864 oxyodgntes
1163 820 1174 837 ‚

252 855 371 904 Quod
386 855 548 894 veniunt
568 867 704 906 genuae
722 855 800 893 iuae
813 884 824 902 ‚
843 855 1007 903 vetulae‚
1030 856 1240 908 mprobae,
1258 856 1410 909 ineptae.

842 922 862 957 1
873 922 904 957 Ι.

264 1011 1038 1022 ..............................
1055 989 1229 1024 Leonem

175 1048 184 1055 ”
255 1053 472 1101 Aegrotum
488 1061 533 1086 ac
551 1048 708 1086 lassum.

836 1116 855 1151 Ι
867 1115 885 1151 Ῑ
897 1115 927 1151 1.

260 1177 440 1225 Deducta
455 1185 549 1215 tunc
563 1191 658 1216 voce
676 1177 761 1216 leo:
782 1191 853 1225 cut
870 1186 913 1216 tu
929 1178 1012 1230 ipsa
1025 1179 1155 1217 venire

263 1246 353 1282 Non
369 1243 427 1280 vis
444 1243 550 1280 huc?

847 1309 923 1344 IV.
964 1324 970 1327 ⁴

266 1371 373 1419 Quid
392 1371 465 1409 sibi
483 1371 596 1409 vult?
614 1360 824 1423 quarefit?
844 1380 889 1409 ut
910 1371 1013 1409 intro
1030 1385 1164 1410 versus
1178 1401 1190 1420 ‚
1210 1381 1249 1411 et
1268 1372 1319 1411 ad
1338 1381 1376 1411 te

265 1439 449 1488 Spectent
460 1466 472 1484 ,
490 1445 607 1487 atque
626 1437 750 1475 ferant
766 1436 925 1487 vestigia
946 1450 986 1474 se
1006 1437 1136 1474 omnia
1154 1450 1322 1488 prorsus.

846 1503 910 1538 'V-

270 1567 376 1604 Scito
394 1566 539 1604 etenim
556 1565 656 1603 bene
675 1565 935 1617 longinquum
955 1565 1178 1603 mortalibu’
1196 1566 1380 1604 morbum

268 1632 316 1668 In
332 1630 425 1668 vino
445 1643 528 1668 esse
543 1659 554 1676 ,
573 1630 644 1667 ubi
662 1643 733 1680 qm
752 1629 927 1667 invitavit
942 1629 1131 1678 dapsilius
1149 1643 1201 1667 se.

849 1695 885 1730 V
895 1695 926 1730 1.

270 1759 344 1796 Cui
356 1758 471 1796 vultu
486 1771 531 1796 ac
550 1758 646 1796 facie
657 1787 669 1805 ,
684 1757 781 1796 ludo
793 1786 803 1804 ,
821 1771 865 1795 ac
881 1758 1115 1796 sermonibu’
1135 1759 1277 1796 nostris
1425 1800 1429 1805 ,

272 1823 443 1874 Virginis
459 1821 535 1860 hoc
554 1823 724 1873 pretium
735 1850 747 1868 ‚
765 1829 882 1873 atque
893 1821 1003 1863 hunc
1020 1822 1229 1861 reddamus
1247 1823 1449 1862 honorem.

841 1889 877 1923 V
886 1888 905 1923 1
916 1888 947 1923 1.

274 1951 386 1988 Tunc
397 1949 495 2001 jugo
508 1949 649 2001 jungas
667 1963 730 1987 me
747 1950 867 1988 ante?
886 1958 927 1988 et
944 1951 1150 1990 succedere
1166 1961 1293 1990 aratro

275 2015 447 2052 Invitum
458 2043 470 2060 ‚
490 2022 530 2052 et
546 2014 678 2066 glebas
697 2014 851 2066 subigas
870 2015 1116 2065 proscindere
1135 2016 1236 2055 ferro
1250 2018 1267 2053 ἐ’

819 2081 855 2116 V
864 2079 883 2115 I
896 2080 915 2115 1
927 2080 959 2116 1.

244 2184 250 2189 ,Δ
262 2185 265 2188 ,
278 2143 475 2181 Continuo
486 2170 499 2188 ,
517 2142 636 2180 simul
652 2156 697 2180 ac
714 2141 850 2194 paullo
864 2142 1134 2183 vehementius
1151 2158 1244 2183 aura

278 2206 445 2253 Inflarit‚
465 2207 609 2265 fluctu}
628 2207 814 2254 erexerim
834 2207 1106 2259 extuleritque.

281 2364 312 2384 1.
325 2352 477 2384 No‘nius:
498 2352 618 2383 Genuoe
627 2375 639 2390 ,
659 2350 777 2395 gulosi.
976 2353 1006 2383 5.
1024 2352 1177 2384 Nonius:
1193 2352 1332 2384 Invitat-e
1345 2353 1511 2398 significat
1522 2366 1573 2387 re-

215 2429 220 2433 ·
278 2415 312 2437 2.
329 2405 460 2440 Nonius
477 2416 485 2436 z
506 2406 638 2436 Lassum
657 2405 781 2436 dicitur
796 2404 874 2435 fati-
926 2402 1019 2444 pleri.

230 2463 351 2499 gum.
388 2459 396 2463 ⁷
976 2455 1007 2485 6.
1018 2455 1150 2486 Nonius
1161 2467 1169 2486 ε
1182 2455 1341 2494 Pretium,
1354 2467 1416 2499 pro
1425 2458 1572 2500 premio.

283 2509 317 2540 3.
334 2510 488 2542 Nonius:
508 2510 707 2546 Deductum,
725 2509 876 2540 diminu—
930 2506 1043 2538 Idem:
1061 2509 1192 2546 Honor,
1212 2510 1399 2550 praemium.
1447 2547 1449 2549 ³

234 2566 306 2592 tum
316 2583 327 2598 ,
342 2572 564 2609 :mg-auum.
977 2570 1007 2599 7.
1027 2561 1178 2592 Nonius:
1193 2562 1365 2605 Subigere,
1378 2574 1504 2607 cogere.

225 2639 231 2643 ,
284 2620 316 2651 4.
341 2606 500 2646 Νοίιὶιιιτ
529 2618 698 2658 Spectat-e,
724 2614 875 2657 dirigere.
977 2613 1010 2644 8-
1034 2608 1184 2647 Νοιιίέιεε
1204 2615 1350 2657 Efferre,
1367 2627 1508 2662 engere,
1527 2618 1576 2649 le·

237 2664 347 2695 Idem:
365 2665 459 2696 Ferre
466 2687 478 2703 ,
491 2665 649 2710 dirigere,
662 2665 792 2698 ducere.
929 2676 1014 2698 vare.

1286 2741 1340 2769 20
