1898 3216
552 298 606 340 A.
645 294 865 339 PEnsn
901 294 1154 339 ruem.
1437 286 1530 342 m*

180 373 368 422 exarans-s
394 378 677 431 complectitur
701 379 811 418 Statii
838 378 995 430 Sylm,
1013 379 1189 417 Persium
1218 390 1311 417 cnm
1332 378 1456 426 notis,
1480 390 1521 419 et

180 447 255 485 alia
272 444 472 498 opuscula.
491 446 559 483 Sat
575 444 674 482 bene
695 445 862 496 scriptus
879 451 920 482 et
940 452 1139 490 exaratus,
1157 456 1311 482 necnon
1328 443 1430 482 inter
1446 457 1521 495 op-

181 510 296 548 timos
307 508 631 548 annumerandus.

348 619 467 662 XVI.
501 619 723 662 Thuaneus
750 618 815 672 Il,
832 628 934 677 post
958 617 1138 661 Colbert.
1164 618 1345 676 (8290).

231 735 333 775 Vide
348 734 509 774 Elench.
529 736 645 775 codd.
666 734 861 774 Juvenalis
872 763 884 782 ,
902 737 947 773 Τ.
966 738 1005 774 11
1020 743 1159 774 nostrae
1174 735 1267 774 edit.
1283 749 1324 788 p.
1343 736 1406 784 37.

394 846 541 890 XVII.
580 846 729 890 Codex
755 847 910 906 absque
937 848 1101 889 nomine
1130 846 1310 905 (8291).

235 963 410 1010 Ibidem,
426 977 468 1015 p.
490 963 554 1014 39.

398 1067 563 1110 XVIII.
606 1032 754 1111 Codex
778 1067 1035 1110 colbertinus
1065 1069 1114 1110 V
1126 1068 1309 1126 (8293).

239 1184 414 1234 widem,
435 1188 475 1237 p.
497 1186 560 1233 37.

406 1295 528 1337 XIX.
565 1294 713 1338 Codex
742 1296 897 1354 absque
926 1298 1092 1338 nomine
1120 1296 1309 1355 (8610).

239 1411 557 1449 Membranaceus
582 1411 623 1448 in
641 1413 680 1456 [Γ
698 1412 794 1449 min.
820 1419 1000 1450 constans
1027 1413 1077 1451 88
1104 1412 1220 1450 foliis.
1239 1412 1407 1451 Exhibet
1431 1416 1532 1452 Leo-

189 1475 299 1513 nardi
311 1475 459 1513 Antini
478 1474 645 1522 librum,
666 1475 716 1513 ad
735 1477 921 1514 Cosmum
942 1476 1135 1515 Medicem
1149 1506 1161 1524 ,
1180 1485 1220 1514 et
1246 1476 1378 1515 satiras
1399 1478 1532 1515 Persii.

187 1539 290 1587 Finis
301 1552 394 1578 vero
411 1547 527 1578 sextae
544 1553 567 1577 a
584 1553 698 1578 versu
718 1553 766 1588 27
789 1540 1039 1578 desideratur.
1055 1541 1185 1579 Nitide
1206 1541 1392 1593 scriptus,
1409 1550 1448 1579 et
1462 1555 1531 1579 ac·-

188 1612 319 1642 cnrate
338 1603 513 1650 habitus,
532 1604 689 1642 doctam
704 1617 865 1642 manum
883 1605 1034 1656 prodit,
1053 1613 1092 1643 et
1111 1605 1152 1643 in
1170 1619 1218 1644 eo
1236 1619 1439 1656 perpaucae
1457 1606 1533 1643 de-

190 1655 485 1719 prehenduntnr
497 1668 662 1706 mendae.
678 1668 743 1706 Ad
759 1669 906 1707 calcem
923 1670 1051 1720 operis
1065 1669 1214 1707 Asatini
1231 1669 1315 1707 haec
1333 1678 1424 1708 sunt
1440 1684 1450 1706 ε

242 1752 415 1799 ΕτΡΙίι-ἰτ
440 1751 539 1788 liber
560 1752 761 1787 Leonardi
779 1753 959 1797 Aratini,
976 1765 1057 1801 per
1083 1765 1145 1788 me
1167 1753 1402 1789 Ludovicum
1426 1754 1539 1789 Grati

193 1813 283 1864 (vel
300 1814 414 1864 Gati)
435 1815 485 1850 de
501 1816 678 1863 Bugella.
697 1815 766 1851 sub
792 1828 898 1852 anno
924 1817 1039 1852 Dom.
1063 1817 1281 1853 millessimo
1302 1825 1535 1866 quatracen-

193 1879 341 1914 tessimo
371 1879 702 1927 quinquagessimo
731 1881 851 1916 terlio.
884 1880 1068 1917 inditione
1090 1881 1237 1929 pn'md.
1270 1889 1308 1917 et
1341 1882 1406 1918 die
1436 1894 1531 1918 vero

769 1997 945 2041 Amen.

634 2118 734 2160 XX.
773 2117 920 2160 Codex
942 2129 1094 2161 noster.

248 2233 566 2272 Membmnaceus
583 2235 626 2273 in
645 2236 684 2280 4⁰
705 2235 868 2283 minori,
889 2245 1069 2274 constans
1086 2237 1137 2274 80
1156 2236 1259 2274 foliis
1274 2266 1284 2284 ‚
1308 2237 1451 2274 saeculo
1465 2238 1540 2273 XV

195 2297 354 2335 ineunte
369 2326 381 2344 ‚
407 2298 448 2335 in
473 2298 583 2336 Italia
609 2308 785 2337 exaratus
799 2329 810 2347 ‚
838 2299 1055 2338 charactere
1084 2302 1262 2338 Romano
1288 2300 1529 2346 minusculo,

195 2360 332 2399 leviter
343 2370 383 2399 et
396 2362 496 2400 bene
511 2363 677 2414 scriptus
691 2377 783 2401 cum
798 2364 1012 2402 initialibus
1025 2378 1121 2402 auro
1131 2366 1322 2415 variisque
1339 2363 1539 2402 coloribus

196 2424 372 2475 depictis.
388 2428 446 2464 Ex
462 2427 568 2465 bono
583 2428 738 2466 videtur
753 2428 896 2466 ductus
912 2429 1104 2479 exemplo.
1125 2428 1292 2465 Exhibet
1308 2427 1537 2466 Juvenalem

120 2499 123 2502 ·
199 2496 239 2525 et
254 2489 427 2527 Persium
446 2490 613 2542 integros
634 2492 715 2529 sine
735 2492 850 2529 notis.
869 2494 970 2529 Eum
988 2506 1079 2529 cum
1101 2500 1209 2528 textu
1225 2499 1358 2528 nostro
1374 2504 1397 2528 a
1415 2491 1537 2529 verbo

153 2556 156 2557 ’
199 2550 250 2588 ad
265 2541 427 2591 'verbum
449 2554 708 2602 contulimus,
724 2556 886 2606 ejusque
910 2556 1032 2592 varias
1057 2555 1243 2592 lectiones
1267 2554 1405 2593 sedulo
1428 2564 1541 2593 nota-

203 2614 340 2652 vimus.
358 2619 448 2655 Non
471 2618 600 2656 adhuc
626 2619 668 2656 in
690 2627 819 2657 nostra
840 2627 921 2656 erat
943 2626 1132 2669 potestate
1155 2617 1247 2656 c1'1m
1263 2619 1458 2658 Juvenalis
1479 2633 1540 2658 sa-

205 2677 294 2716 tiras
316 2680 356 2718 in
375 2680 506 2720 lucem
536 2684 756 2731 emisimus5
776 2691 1031 2735 quapropter,
1055 2695 1103 2721 eo
1132 2682 1181 2721 ad
1207 2684 1380 2723 Persium
1406 2685 1541 2724 solum
