<?xml version="1.0" encoding="UTF-8"?>
<!DOCTYPE html PUBLIC "-//W3C//DTD XHTML 1.0 Transitional//EN"
    "http://www.w3.org/TR/xhtml1/DTD/xhtml1-transitional.dtd">
<html xmlns="http://www.w3.org/1999/xhtml" xml:lang="en" lang="en">
 <head>
  <title>
</title>
<meta http-equiv="Content-Type" content="text/html;charset=utf-8" />
  <meta name='ocr-system' content='tesseract 3.04.00' />
  <meta name='ocr-capabilities' content='ocr_page ocr_carea ocr_par ocr_line ocrx_word'/>
</head>
<body>
  <div class='ocr_page' id='page_1' title='image "./satiraeadcodice00persuoft_0350.png"; bbox 0 0 1846 3184; ppageno 0'>
   <div class='ocr_carea' id='block_1_1' title="bbox 256 284 1306 363">
    <p class='ocr_par' dir='ltr' id='par_1_1' title="bbox 256 284 1306 363">
     <span class='ocr_line' id='line_1_1' title="bbox 256 284 1306 363; baseline 0.006 -6"><span class='ocrx_word' id='word_1_1' title='bbox 256 311 341 357; x_wconf 80' lang='lat'><strong>310</strong></span> <span class='ocrx_word' id='word_1_2' title='bbox 502 316 549 357; x_wconf 91' lang='lat' dir='ltr'><strong>C.</strong></span> <span class='ocrx_word' id='word_1_3' title='bbox 581 312 848 360; x_wconf 85' lang='lat' dir='ltr'>LUCILII</span> <span class='ocrx_word' id='word_1_4' title='bbox 881 284 1306 363; x_wconf 72' lang='lat' dir='ltr'><strong>FRAGMENTA</strong></span> 
     </span>
    </p>
   </div>
   <div class='ocr_carea' id='block_1_2' title="bbox 305 402 1493 1989">
    <p class='ocr_par' dir='ltr' id='par_1_2' title="bbox 305 402 1493 1989">
     <span class='ocr_line' id='line_1_2' title="bbox 884 402 976 438; baseline -0.011 0"><span class='ocrx_word' id='word_1_5' title='bbox 884 402 916 438; x_wconf 91' lang='lat' dir='ltr'>L</span> <span class='ocrx_word' id='word_1_6' title='bbox 929 403 976 438; x_wconf 92' lang='lat' dir='ltr'><strong>V.</strong></span> 
     </span>
     <span class='ocr_line' id='line_1_3' title="bbox 308 459 1493 511; baseline 0.003 -11"><span class='ocrx_word' id='word_1_7' title='bbox 308 463 400 500; x_wconf 84' lang='lat' dir='ltr'><strong>Haec</strong></span> <span class='ocrx_word' id='word_1_8' title='bbox 420 459 517 500; x_wconf 88' lang='lat' dir='ltr'><strong>dum</strong></span> <span class='ocrx_word' id='word_1_9' title='bbox 534 475 598 500; x_wconf 89' lang='lat' dir='ltr'><strong>me</strong></span> <span class='ocrx_word' id='word_1_10' title='bbox 617 462 818 502; x_wconf 83' lang='lat' dir='ltr'><strong>insimulas</strong></span> <span class='ocrx_word' id='word_1_11' title='bbox 832 493 843 511; x_wconf 90' lang='lat'>‚</span> <span class='ocrx_word' id='word_1_12' title='bbox 863 478 994 504; x_wconf 90' lang='lat' dir='ltr'><strong>nonne</strong></span> <span class='ocrx_word' id='word_1_13' title='bbox 1011 475 1100 505; x_wconf 87' lang='lat' dir='ltr'><strong>ame</strong></span> <span class='ocrx_word' id='word_1_14' title='bbox 1118 467 1159 505; x_wconf 89' lang='lat' dir='ltr'><strong>in</strong></span> <span class='ocrx_word' id='word_1_15' title='bbox 1176 459 1293 506; x_wconf 86' lang='lat' dir='ltr'><strong>corde</strong></span> <span class='ocrx_word' id='word_1_16' title='bbox 1310 467 1493 507; x_wconf 75' lang='lat' dir='ltr'><strong>volutas?</strong></span> 
     </span>
     <span class='ocr_line' id='line_1_4' title="bbox 872 531 994 568; baseline 0.016 -2"><span class='ocrx_word' id='word_1_17' title='bbox 872 531 904 566; x_wconf 90' lang='lat' dir='ltr'>L</span> <span class='ocrx_word' id='word_1_18' title='bbox 915 533 951 567; x_wconf 88' lang='lat' dir='ltr'>V</span> <span class='ocrx_word' id='word_1_19' title='bbox 962 533 994 568; x_wconf 91' lang='grc' dir='ltr'><strong>Ι.</strong></span> 
     </span>
     <span class='ocr_line' id='line_1_5' title="bbox 308 590 1240 643; baseline 0.008 -14"><span class='ocrx_word' id='word_1_20' title='bbox 308 590 400 643; x_wconf 89' lang='lat' dir='ltr'><strong>Ipso</strong></span> <span class='ocrx_word' id='word_1_21' title='bbox 417 605 510 630; x_wconf 90' lang='lat' dir='ltr'><strong>cum</strong></span> <span class='ocrx_word' id='word_1_22' title='bbox 529 592 691 630; x_wconf 88' lang='lat' dir='ltr'><strong>domino</strong></span> <span class='ocrx_word' id='word_1_23' title='bbox 709 592 814 630; x_wconf 86' lang='lat' dir='ltr'><strong>calce</strong></span> <span class='ocrx_word' id='word_1_24' title='bbox 834 605 970 631; x_wconf 87' lang='lat' dir='ltr'><strong>omnes</strong></span> <span class='ocrx_word' id='word_1_25' title='bbox 989 596 1240 636; x_wconf 79' lang='lat' dir='ltr'>excutiamus.</span> 
     </span>
     <span class='ocr_line' id='line_1_6' title="bbox 857 651 1232 696; baseline 0.008 -2"><span class='ocrx_word' id='word_1_26' title='bbox 857 659 889 694; x_wconf 88' lang='lat' dir='ltr'>L</span> <span class='ocrx_word' id='word_1_27' title='bbox 902 659 937 695; x_wconf 86' lang='lat' dir='ltr'>v</span> <span class='ocrx_word' id='word_1_28' title='bbox 948 660 967 696; x_wconf 93' lang='lat'><em>1</em></span> <span class='ocrx_word' id='word_1_29' title='bbox 981 660 1014 696; x_wconf 90' lang='lat'><strong>1.</strong></span> <span class='ocrx_word' id='word_1_30' title='bbox 1228 651 1232 655; x_wconf 81' lang='grc'><strong>“</strong></span> 
     </span>
     <span class='ocr_line' id='line_1_7' title="bbox 307 720 1194 772; baseline 0.006 -14"><span class='ocrx_word' id='word_1_31' title='bbox 307 720 362 759; x_wconf 82' lang='lat' dir='ltr'><strong>Ut</strong></span> <span class='ocrx_word' id='word_1_32' title='bbox 378 720 497 758; x_wconf 90' lang='lat' dir='ltr'><strong>semel</strong></span> <span class='ocrx_word' id='word_1_33' title='bbox 513 720 555 758; x_wconf 91' lang='lat' dir='ltr'><strong>in</strong></span> <span class='ocrx_word' id='word_1_34' title='bbox 570 720 659 758; x_wconf 87' lang='lat' dir='ltr'><strong>coeli</strong></span> <span class='ocrx_word' id='word_1_35' title='bbox 676 733 826 772; x_wconf 84' lang='lat' dir='ltr'><strong>pugnas</strong></span> <span class='ocrx_word' id='word_1_36' title='bbox 846 729 883 759; x_wconf 87' lang='lat' dir='ltr'><strong>te</strong></span> <span class='ocrx_word' id='word_1_37' title='bbox 902 722 1083 762; x_wconf 84' lang='lat' dir='ltr'><strong>invadere</strong></span> <span class='ocrx_word' id='word_1_38' title='bbox 1101 724 1194 762; x_wconf 83' lang='lat' dir='ltr'><strong>vidi.</strong></span> 
     </span>
     <span class='ocr_line' id='line_1_8' title="bbox 524 788 1018 825; baseline 0.004 -2"><span class='ocrx_word' id='word_1_39' title='bbox 524 791 528 797; x_wconf 89' lang='grc'><strong><em>’</em></strong></span> <span class='ocrx_word' id='word_1_40' title='bbox 838 788 870 824; x_wconf 95' lang='lat' dir='ltr'>L</span> <span class='ocrx_word' id='word_1_41' title='bbox 879 789 914 824; x_wconf 90' lang='lat' dir='ltr'><strong>V</strong></span> <span class='ocrx_word' id='word_1_42' title='bbox 923 789 942 825; x_wconf 93' lang='lat'>1</span> <span class='ocrx_word' id='word_1_43' title='bbox 955 789 974 824; x_wconf 92' lang='grc' dir='ltr'>Ι</span> <span class='ocrx_word' id='word_1_44' title='bbox 986 790 1018 825; x_wconf 92' lang='grc' dir='ltr'><strong>Ι.</strong></span> 
     </span>
     <span class='ocr_line' id='line_1_9' title="bbox 309 848 1265 892; baseline 0.006 -6"><span class='ocrx_word' id='word_1_45' title='bbox 309 849 474 887; x_wconf 85' lang='lat' dir='ltr'><strong>Virtutis</strong></span> <span class='ocrx_word' id='word_1_46' title='bbox 492 848 574 888; x_wconf 89' lang='lat' dir='ltr'><strong>haec</strong></span> <span class='ocrx_word' id='word_1_47' title='bbox 595 858 672 888; x_wconf 88' lang='lat' dir='ltr'><strong>tuae</strong></span> <span class='ocrx_word' id='word_1_48' title='bbox 691 851 782 888; x_wconf 84' lang='lat' dir='ltr'><strong>artis</strong></span> <span class='ocrx_word' id='word_1_49' title='bbox 800 860 1054 890; x_wconf 85' lang='lat' dir='ltr'><strong>monumenta</strong></span> <span class='ocrx_word' id='word_1_50' title='bbox 1073 853 1265 892; x_wconf 80' lang='lat' dir='ltr'><strong>locantur.</strong></span> 
     </span>
     <span class='ocr_line' id='line_1_10' title="bbox 870 918 997 954; baseline -0.008 0"><span class='ocrx_word' id='word_1_51' title='bbox 870 919 905 954; x_wconf 88' lang='lat' dir='ltr'>L</span> <span class='ocrx_word' id='word_1_52' title='bbox 914 918 933 953; x_wconf 94' lang='lat' dir='ltr'>I</span> <span class='ocrx_word' id='word_1_53' title='bbox 946 918 997 954; x_wconf 91' lang='lat' dir='ltr'><strong>X.</strong></span> 
     </span>
     <span class='ocr_line' id='line_1_11' title="bbox 307 979 1174 1020; baseline 0.005 -4"><span class='ocrx_word' id='word_1_54' title='bbox 307 979 377 1017; x_wconf 88' lang='lat' dir='ltr'><strong>His</strong></span> <span class='ocrx_word' id='word_1_55' title='bbox 396 986 434 1016; x_wconf 89' lang='lat' dir='ltr'><strong>te</strong></span> <span class='ocrx_word' id='word_1_56' title='bbox 454 979 630 1017; x_wconf 84' lang='lat' dir='ltr'><strong>versibus</strong></span> <span class='ocrx_word' id='word_1_57' title='bbox 647 980 794 1018; x_wconf 84' lang='lat' dir='ltr'><strong>interea</strong></span> <span class='ocrx_word' id='word_1_58' title='bbox 813 983 1011 1019; x_wconf 88' lang='lat' dir='ltr'><strong>contentu&#39;</strong></span> <span class='ocrx_word' id='word_1_59' title='bbox 1031 990 1174 1020; x_wconf 88' lang='lat' dir='ltr'><strong>teneto.</strong></span> 
     </span>
     <span class='ocr_line' id='line_1_12' title="bbox 885 1048 981 1084; baseline -0.01 0"><span class='ocrx_word' id='word_1_60' title='bbox 885 1049 918 1084; x_wconf 90' lang='lat' dir='ltr'>L</span> <span class='ocrx_word' id='word_1_61' title='bbox 929 1048 981 1084; x_wconf 89' lang='lat' dir='ltr'><strong>X.</strong></span> 
     </span>
     <span class='ocr_line' id='line_1_13' title="bbox 306 1108 1439 1164; baseline 0.003 -18"><span class='ocrx_word' id='word_1_62' title='bbox 306 1108 535 1147; x_wconf 78' lang='lat' dir='ltr'><strong>Producant</strong></span> <span class='ocrx_word' id='word_1_63' title='bbox 553 1123 616 1147; x_wconf 91' lang='lat' dir='ltr'><strong>me</strong></span> <span class='ocrx_word' id='word_1_64' title='bbox 634 1110 684 1148; x_wconf 89' lang='lat' dir='ltr'><strong>ad</strong></span> <span class='ocrx_word' id='word_1_65' title='bbox 702 1117 740 1148; x_wconf 88' lang='lat' dir='ltr'><strong>te</strong></span> <span class='ocrx_word' id='word_1_66' title='bbox 751 1139 762 1157; x_wconf 90' lang='lat'>‚</span> <span class='ocrx_word' id='word_1_67' title='bbox 784 1111 857 1149; x_wconf 86' lang='lat' dir='ltr'><strong>tibi</strong></span> <span class='ocrx_word' id='word_1_68' title='bbox 875 1124 938 1149; x_wconf 88' lang='lat' dir='ltr'><strong>me</strong></span> <span class='ocrx_word' id='word_1_69' title='bbox 957 1111 1040 1149; x_wconf 87' lang='lat' dir='ltr'><strong>haec</strong></span> <span class='ocrx_word' id='word_1_70' title='bbox 1058 1111 1261 1150; x_wconf 84' lang='lat' dir='ltr'><strong>ostendere</strong></span> <span class='ocrx_word' id='word_1_71' title='bbox 1280 1122 1439 1164; x_wconf 81' lang='lat' dir='ltr'><strong>cogunt.</strong></span> 
     </span>
     <span class='ocr_line' id='line_1_14' title="bbox 799 1178 998 1213; baseline 0 0"><span class='ocrx_word' id='word_1_72' title='bbox 799 1180 805 1188; x_wconf 91' lang='lat'><em>&#39;</em></span> <span class='ocrx_word' id='word_1_73' title='bbox 871 1178 904 1213; x_wconf 95' lang='lat' dir='ltr'>L</span> <span class='ocrx_word' id='word_1_74' title='bbox 916 1178 955 1213; x_wconf 84' lang='lat' dir='ltr'><strong>X</strong></span> <span class='ocrx_word' id='word_1_75' title='bbox 967 1178 998 1213; x_wconf 93' lang='lat'><strong>1.</strong></span> 
     </span>
     <span class='ocr_line' id='line_1_15' title="bbox 309 1238 1313 1292; baseline 0.004 -17"><span class='ocrx_word' id='word_1_76' title='bbox 309 1238 454 1284; x_wconf 86' lang='lat' dir='ltr'><strong>Quanti</strong></span> <span class='ocrx_word' id='word_1_77' title='bbox 469 1252 540 1277; x_wconf 91' lang='lat' dir='ltr'><strong>nos</strong></span> <span class='ocrx_word' id='word_1_78' title='bbox 556 1239 699 1277; x_wconf 87' lang='lat' dir='ltr'><strong>faciant</strong></span> <span class='ocrx_word' id='word_1_79' title='bbox 718 1240 834 1286; x_wconf 89' lang='lat' dir='ltr'><strong>socii,</strong></span> <span class='ocrx_word' id='word_1_80' title='bbox 855 1241 947 1278; x_wconf 76' lang='lat' dir='ltr'><strong>cum</strong></span> <span class='ocrx_word' id='word_1_81' title='bbox 965 1254 1121 1292; x_wconf 88' lang='lat' dir='ltr'><strong>parcere</strong></span> <span class='ocrx_word' id='word_1_82' title='bbox 1137 1249 1313 1292; x_wconf 85' lang='lat' dir='ltr'><strong>possunt.</strong></span> 
     </span>
     <span class='ocr_line' id='line_1_16' title="bbox 852 1304 1011 1344; baseline -0.006 -1"><span class='ocrx_word' id='word_1_83' title='bbox 852 1304 883 1343; x_wconf 89' lang='lat' dir='ltr'>L</span> <span class='ocrx_word' id='word_1_84' title='bbox 897 1307 936 1344; x_wconf 89' lang='lat' dir='ltr'><strong>X</strong></span> <span class='ocrx_word' id='word_1_85' title='bbox 946 1308 965 1343; x_wconf 95' lang='lat' dir='ltr'>I</span> <span class='ocrx_word' id='word_1_86' title='bbox 978 1308 1011 1343; x_wconf 94' lang='lat' dir='ltr'><strong>I.</strong></span> 
     </span>
     <span class='ocr_line' id='line_1_17' title="bbox 308 1367 1224 1415; baseline 0.003 -11"><span class='ocrx_word' id='word_1_87' title='bbox 308 1367 356 1404; x_wconf 91' lang='lat' dir='ltr'><strong>Et</strong></span> <span class='ocrx_word' id='word_1_88' title='bbox 373 1367 514 1406; x_wconf 89' lang='lat' dir='ltr'><strong>virtute</strong></span> <span class='ocrx_word' id='word_1_89' title='bbox 535 1370 603 1406; x_wconf 54' lang='lat' dir='ltr'><strong>tu&amp;</strong></span> <span class='ocrx_word' id='word_1_90' title='bbox 616 1397 626 1415; x_wconf 91' lang='lat'>‚</span> <span class='ocrx_word' id='word_1_91' title='bbox 647 1377 685 1407; x_wconf 87' lang='lat' dir='ltr'><strong>et</strong></span> <span class='ocrx_word' id='word_1_92' title='bbox 704 1369 817 1408; x_wconf 81' lang='lat' dir='ltr'><strong>claris</strong></span> <span class='ocrx_word' id='word_1_93' title='bbox 831 1370 1053 1408; x_wconf 86' lang='lat' dir='ltr'><strong>conducere</strong></span> <span class='ocrx_word' id='word_1_94' title='bbox 1071 1370 1224 1409; x_wconf 81' lang='lat' dir='ltr'><strong>chartis.</strong></span> 
     </span>
     <span class='ocr_line' id='line_1_18' title="bbox 836 1437 1027 1483; baseline 0 -11"><span class='ocrx_word' id='word_1_95' title='bbox 836 1438 868 1472; x_wconf 89' lang='lat' dir='ltr'>L</span> <span class='ocrx_word' id='word_1_96' title='bbox 882 1437 919 1483; x_wconf 66' lang='lat' dir='ltr'><strong>X</strong></span> <span class='ocrx_word' id='word_1_97' title='bbox 932 1437 953 1472; x_wconf 89' lang='lat'>1</span> <span class='ocrx_word' id='word_1_98' title='bbox 964 1438 982 1472; x_wconf 92' lang='lat'>1</span> <span class='ocrx_word' id='word_1_99' title='bbox 995 1437 1027 1472; x_wconf 88' lang='lat'><strong>1.</strong></span> 
     </span>
     <span class='ocr_line' id='line_1_19' title="bbox 307 1496 1363 1543; baseline 0.004 -9"><span class='ocrx_word' id='word_1_100' title='bbox 307 1496 426 1543; x_wconf 86' lang='lat' dir='ltr'><strong>Quod</strong></span> <span class='ocrx_word' id='word_1_101' title='bbox 444 1509 520 1534; x_wconf 85' lang='lat' dir='ltr'><strong>sua·</strong></span> <span class='ocrx_word' id='word_1_102' title='bbox 532 1498 784 1539; x_wconf 85' lang='lat' dir='ltr'><strong>committunt</strong></span> <span class='ocrx_word' id='word_1_103' title='bbox 802 1499 958 1536; x_wconf 83' lang='lat' dir='ltr'><strong>mortali</strong></span> <span class='ocrx_word' id='word_1_104' title='bbox 978 1499 1144 1537; x_wconf 82' lang='lat' dir='ltr'><strong>claustra</strong></span> <span class='ocrx_word' id='word_1_105' title='bbox 1160 1501 1363 1538; x_wconf 85' lang='lat' dir='ltr'><strong>Camoenae.</strong></span> 
     </span>
     <span class='ocr_line' id='line_1_20' title="bbox 845 1565 1015 1600; baseline -0.006 0"><span class='ocrx_word' id='word_1_106' title='bbox 845 1565 877 1600; x_wconf 94' lang='lat' dir='ltr'>L</span> <span class='ocrx_word' id='word_1_107' title='bbox 889 1565 928 1600; x_wconf 90' lang='lat' dir='ltr'><strong>X</strong></span> <span class='ocrx_word' id='word_1_108' title='bbox 940 1565 959 1600; x_wconf 96' lang='lat' dir='ltr'>I</span> <span class='ocrx_word' id='word_1_109' title='bbox 968 1566 1015 1600; x_wconf 90' lang='lat' dir='ltr'><strong>V.</strong></span> 
     </span>
     <span class='ocr_line' id='line_1_21' title="bbox 305 1626 1415 1679; baseline 0.001 -16"><span class='ocrx_word' id='word_1_110' title='bbox 305 1627 391 1664; x_wconf 88' lang='lat' dir='ltr'><strong>Hoc</strong></span> <span class='ocrx_word' id='word_1_111' title='bbox 411 1626 527 1664; x_wconf 85' lang='lat' dir='ltr'><strong>etiam</strong></span> <span class='ocrx_word' id='word_1_112' title='bbox 545 1627 677 1678; x_wconf 86' lang='lat' dir='ltr'><strong>accipe</strong></span> <span class='ocrx_word' id='word_1_113' title='bbox 695 1626 805 1678; x_wconf 92' lang='lat' dir='ltr'><strong>quod</strong></span> <span class='ocrx_word' id='word_1_114' title='bbox 823 1626 913 1665; x_wconf 88' lang='lat' dir='ltr'><strong>dico</strong></span> <span class='ocrx_word' id='word_1_115' title='bbox 929 1641 938 1664; x_wconf 75' lang='grc' dir='ltr'><em>τ</em></span> <span class='ocrx_word' id='word_1_116' title='bbox 956 1640 1047 1665; x_wconf 90' lang='lat' dir='ltr'><strong>nam</strong></span> <span class='ocrx_word' id='word_1_117' title='bbox 1066 1628 1233 1679; x_wconf 84' lang='lat' dir='ltr'><strong>pertinet</strong></span> <span class='ocrx_word' id='word_1_118' title='bbox 1252 1628 1301 1665; x_wconf 90' lang='lat' dir='ltr'><strong>ad</strong></span> <span class='ocrx_word' id='word_1_119' title='bbox 1322 1641 1415 1666; x_wconf 87' lang='lat' dir='ltr'><strong>rem.</strong></span> 
     </span>
     <span class='ocr_line' id='line_1_22' title="bbox 862 1694 1041 1730; baseline -0.011 -1"><span class='ocrx_word' id='word_1_120' title='bbox 862 1694 895 1729; x_wconf 95' lang='lat' dir='ltr'>L</span> <span class='ocrx_word' id='word_1_121' title='bbox 907 1694 948 1730; x_wconf 90' lang='lat' dir='ltr'><strong>X</strong></span> <span class='ocrx_word' id='word_1_122' title='bbox 959 1694 1008 1728; x_wconf 90' lang='lat' dir='ltr'><strong>V.</strong></span> <span class='ocrx_word' id='word_1_123' title='bbox 1039 1695 1041 1698; x_wconf 87' lang='lat'>&#39;</span> 
     </span>
     <span class='ocr_line' id='line_1_23' title="bbox 305 1756 1360 1808; baseline 0 -15"><span class='ocrx_word' id='word_1_124' title='bbox 305 1756 467 1793; x_wconf 67' lang='lat' dir='ltr'><strong>Publica</strong></span> <span class='ocrx_word' id='word_1_125' title='bbox 485 1756 570 1807; x_wconf 88' lang='lat' dir='ltr'><strong>lege</strong></span> <span class='ocrx_word' id='word_1_126' title='bbox 587 1762 634 1794; x_wconf 88' lang='lat' dir='ltr'><strong>ut</strong></span> <span class='ocrx_word' id='word_1_127' title='bbox 651 1770 819 1803; x_wconf 75' lang='lat' dir='ltr'><strong>mei-eas,</strong></span> <span class='ocrx_word' id='word_1_128' title='bbox 840 1765 980 1808; x_wconf 86' lang='lat' dir='ltr'><strong>praesto</strong></span> <span class='ocrx_word' id='word_1_129' title='bbox 999 1765 1059 1795; x_wconf 88' lang='lat' dir='ltr'><strong>est</strong></span> <span class='ocrx_word' id='word_1_130' title='bbox 1078 1756 1150 1794; x_wconf 86' lang='lat' dir='ltr'><strong>tibi</strong></span> <span class='ocrx_word' id='word_1_131' title='bbox 1169 1759 1360 1804; x_wconf 87' lang='lat' dir='ltr'><strong>Quaestor.</strong></span> 
     </span>
     <span class='ocr_line' id='line_1_24' title="bbox 843 1823 1012 1859; baseline 0 -1"><span class='ocrx_word' id='word_1_132' title='bbox 843 1824 876 1858; x_wconf 92' lang='lat' dir='ltr'>L</span> <span class='ocrx_word' id='word_1_133' title='bbox 886 1823 926 1859; x_wconf 91' lang='lat' dir='ltr'><strong>X</strong></span> <span class='ocrx_word' id='word_1_134' title='bbox 936 1824 970 1858; x_wconf 87' lang='lat' dir='ltr'>V</span> <span class='ocrx_word' id='word_1_135' title='bbox 981 1823 1012 1858; x_wconf 90' lang='grc' dir='ltr'><strong>Ι.</strong></span> 
     </span>
     <span class='ocr_line' id='line_1_25' title="bbox 306 1883 1321 1940; baseline 0 -18"><span class='ocrx_word' id='word_1_136' title='bbox 306 1884 518 1934; x_wconf 83' lang='lat' dir='ltr'><strong>Accipiunt</strong></span> <span class='ocrx_word' id='word_1_137' title='bbox 534 1883 639 1937; x_wconf 85' lang='lat' dir='ltr'><strong>leges</strong></span> <span class='ocrx_word' id='word_1_138' title='bbox 651 1915 662 1933; x_wconf 85' lang='lat'>,</span> <span class='ocrx_word' id='word_1_139' title='bbox 681 1885 854 1940; x_wconf 85' lang='lat' dir='ltr'><strong>populus</strong></span> <span class='ocrx_word' id='word_1_140' title='bbox 869 1885 1007 1937; x_wconf 85' lang='lat' dir='ltr'><strong>quibu’</strong></span> <span class='ocrx_word' id='word_1_141' title='bbox 1023 1885 1177 1937; x_wconf 83' lang='lat' dir='ltr'><strong>legibus</strong></span> <span class='ocrx_word' id='word_1_142' title='bbox 1196 1885 1321 1923; x_wconf 79' lang='lat' dir='ltr'><strong>exlex.</strong></span> 
     </span>
     <span class='ocr_line' id='line_1_26' title="bbox 618 1947 1024 1989; baseline 0 -2"><span class='ocrx_word' id='word_1_143' title='bbox 618 1947 625 1954; x_wconf 62' lang='lat'>⁵</span> <span class='ocrx_word' id='word_1_144' title='bbox 826 1955 858 1988; x_wconf 95' lang='lat' dir='ltr'>L</span> <span class='ocrx_word' id='word_1_145' title='bbox 869 1953 908 1989; x_wconf 89' lang='lat' dir='ltr'><strong>X</strong></span> <span class='ocrx_word' id='word_1_146' title='bbox 917 1954 952 1988; x_wconf 91' lang='lat' dir='ltr'><strong>V</strong></span> <span class='ocrx_word' id='word_1_147' title='bbox 962 1953 980 1988; x_wconf 91' lang='grc' dir='ltr'>Ι</span> <span class='ocrx_word' id='word_1_148' title='bbox 994 1953 1024 1987; x_wconf 92' lang='grc' dir='ltr'><strong>Ι.</strong></span> 
     </span>
    </p>
   </div>
   <div class='ocr_carea' id='block_1_3' title="bbox 306 2013 1418 2067">
    <p class='ocr_par' dir='ltr' id='par_1_3' title="bbox 306 2013 1418 2067">
     <span class='ocr_line' id='line_1_27' title="bbox 306 2013 1418 2067; baseline 0.002 -17"><span class='ocrx_word' id='word_1_149' title='bbox 306 2016 388 2050; x_wconf 89' lang='lat' dir='ltr'><strong>Aut</strong></span> <span class='ocrx_word' id='word_1_150' title='bbox 406 2015 580 2063; x_wconf 86' lang='lat' dir='ltr'><strong>operatu’</strong></span> <span class='ocrx_word' id='word_1_151' title='bbox 599 2013 733 2064; x_wconf 84' lang='lat' dir='ltr'><strong>aliquo</strong></span> <span class='ocrx_word' id='word_1_152' title='bbox 750 2015 792 2052; x_wconf 88' lang='lat' dir='ltr'><strong>in</strong></span> <span class='ocrx_word' id='word_1_153' title='bbox 813 2015 955 2053; x_wconf 88' lang='lat' dir='ltr'><strong>celebri</strong></span> <span class='ocrx_word' id='word_1_154' title='bbox 977 2029 1069 2053; x_wconf 85' lang='lat' dir='ltr'><strong>cum</strong></span> <span class='ocrx_word' id='word_1_155' title='bbox 1087 2015 1295 2067; x_wconf 74' lang='lat' dir='ltr'><strong>aequulibu’</strong></span> <span class='ocrx_word' id='word_1_156' title='bbox 1316 2016 1418 2054; x_wconf 87' lang='lat' dir='ltr'><strong>fano.</strong></span> 
     </span>
    </p>
   </div>
   <div class='ocr_carea' id='block_1_4' title="bbox 248 2171 1609 2642">
    <p class='ocr_par' dir='ltr' id='par_1_4' title="bbox 251 2171 1609 2267">
     <span class='ocr_line' id='line_1_28' title="bbox 301 2171 1609 2214; baseline 0.005 -12"><span class='ocrx_word' id='word_1_157' title='bbox 301 2171 356 2202; x_wconf 83' lang='lat'><strong>55.</strong></span> <span class='ocrx_word' id='word_1_158' title='bbox 390 2171 524 2203; x_wconf 79' lang='lat' dir='ltr'><strong>Nonius</strong></span> <span class='ocrx_word' id='word_1_159' title='bbox 544 2181 552 2202; x_wconf 72' lang='grc' dir='ltr'><em>τ</em></span> <span class='ocrx_word' id='word_1_160' title='bbox 583 2172 736 2203; x_wconf 79' lang='lat' dir='ltr'><strong>Volucare</strong></span> <span class='ocrx_word' id='word_1_161' title='bbox 750 2195 761 2209; x_wconf 95' lang='lat'>‚</span> <span class='ocrx_word' id='word_1_162' title='bbox 788 2172 905 2214; x_wconf 82' lang='lat' dir='ltr'><strong>cogni·</strong></span> <span class='ocrx_word' id='word_1_163' title='bbox 1004 2174 1060 2203; x_wconf 82' lang='lat'><strong>61.</strong></span> <span class='ocrx_word' id='word_1_164' title='bbox 1079 2174 1230 2206; x_wconf 81' lang='lat' dir='ltr'><strong>Nonius:</strong></span> <span class='ocrx_word' id='word_1_165' title='bbox 1244 2176 1383 2206; x_wconf 78' lang='lat' dir='ltr'><strong>Parcere</strong></span> <span class='ocrx_word' id='word_1_166' title='bbox 1389 2197 1402 2213; x_wconf 91' lang='lat'>,</span> <span class='ocrx_word' id='word_1_167' title='bbox 1417 2182 1465 2207; x_wconf 73' lang='lat' dir='ltr'><strong>eet</strong></span> <span class='ocrx_word' id='word_1_168' title='bbox 1477 2175 1609 2207; x_wconf 73' lang='lat' dir='ltr'><strong>veniam</strong></span> 
     </span>
     <span class='ocr_line' id='line_1_29' title="bbox 251 2225 1044 2267; baseline 0.001 -12"><span class='ocrx_word' id='word_1_169' title='bbox 251 2225 343 2256; x_wconf 77' lang='lat' dir='ltr'><strong>tione</strong></span> <span class='ocrx_word' id='word_1_170' title='bbox 361 2225 564 2267; x_wconf 84' lang='lat' dir='ltr'><strong>perquirere.</strong></span> <span class='ocrx_word' id='word_1_171' title='bbox 955 2225 1044 2256; x_wconf 81' lang='lat' dir='ltr'><strong>dare.</strong></span> 
     </span>
    </p>

    <p class='ocr_par' dir='ltr' id='par_1_5' title="bbox 249 2278 1608 2483">
     <span class='ocr_line' id='line_1_30' title="bbox 300 2278 1608 2318; baseline 0.003 -10"><span class='ocrx_word' id='word_1_172' title='bbox 300 2279 356 2309; x_wconf 86' lang='lat'><strong>56.</strong></span> <span class='ocrx_word' id='word_1_173' title='bbox 370 2279 517 2311; x_wconf 85' lang='lat' dir='ltr'><strong>Nonius:</strong></span> <span class='ocrx_word' id='word_1_174' title='bbox 529 2279 701 2317; x_wconf 70' lang='lat' dir='ltr'><strong>Excutere,</strong></span> <span class='ocrx_word' id='word_1_175' title='bbox 712 2278 901 2317; x_wconf 83' lang='lat' dir='ltr'><strong>excludere,</strong></span> <span class='ocrx_word' id='word_1_176' title='bbox 1002 2280 1061 2310; x_wconf 76' lang='lat'><strong>62.</strong></span> <span class='ocrx_word' id='word_1_177' title='bbox 1080 2280 1168 2311; x_wconf 87' lang='lat' dir='ltr'><strong>Non.</strong></span> <span class='ocrx_word' id='word_1_178' title='bbox 1183 2279 1365 2312; x_wconf 76' lang='lat' dir='ltr'><strong>conducere</strong></span> <span class='ocrx_word' id='word_1_179' title='bbox 1373 2303 1384 2318; x_wconf 84' lang='lat'><em>,</em></span> <span class='ocrx_word' id='word_1_180' title='bbox 1406 2288 1608 2312; x_wconf 84' lang='lat' dir='ltr'><strong>convertere.</strong></span> 
     </span>
     <span class='ocr_line' id='line_1_31' title="bbox 250 2322 1607 2374; baseline 0.003 -12"><span class='ocrx_word' id='word_1_181' title='bbox 250 2332 403 2374; x_wconf 82' lang='lat' dir='ltr'><strong>dejicere.</strong></span> <span class='ocrx_word' id='word_1_182' title='bbox 839 2322 843 2324; x_wconf 36' lang='lat'>¹</span> <span class='ocrx_word' id='word_1_183' title='bbox 1001 2333 1058 2364; x_wconf 83' lang='lat'><strong>63.</strong></span> <span class='ocrx_word' id='word_1_184' title='bbox 1070 2333 1219 2364; x_wconf 77' lang='lat' dir='ltr'><strong>Nonius:</strong></span> <span class='ocrx_word' id='word_1_185' title='bbox 1236 2334 1449 2371; x_wconf 79' lang='lat' dir='ltr'><strong>committere,</strong></span> <span class='ocrx_word' id='word_1_186' title='bbox 1463 2334 1607 2366; x_wconf 81' lang='lat' dir='ltr'><strong>credere.</strong></span> 
     </span>
     <span class='ocr_line' id='line_1_32' title="bbox 299 2384 1555 2430; baseline 0.004 -13"><span class='ocrx_word' id='word_1_187' title='bbox 299 2386 339 2425; x_wconf 83' lang='lat'><strong>57</strong></span> <span class='ocrx_word' id='word_1_188' title='bbox 349 2410 357 2417; x_wconf 92' lang='lat'>.</span> <span class='ocrx_word' id='word_1_189' title='bbox 375 2385 525 2418; x_wconf 87' lang='lat' dir='ltr'><strong>Nonius:</strong></span> <span class='ocrx_word' id='word_1_190' title='bbox 543 2386 698 2417; x_wconf 81' lang='lat' dir='ltr'><strong>Invadere</strong></span> <span class='ocrx_word' id='word_1_191' title='bbox 707 2410 719 2424; x_wconf 93' lang='lat'><em>‚</em></span> <span class='ocrx_word' id='word_1_192' title='bbox 732 2393 783 2418; x_wconf 80' lang='lat' dir='ltr'><strong>est</strong></span> <span class='ocrx_word' id='word_1_193' title='bbox 797 2397 900 2430; x_wconf 79' lang='lat' dir='ltr'><strong>appe-</strong></span> <span class='ocrx_word' id='word_1_194' title='bbox 1001 2385 1057 2421; x_wconf 78' lang='grc'><strong>64-</strong></span> <span class='ocrx_word' id='word_1_195' title='bbox 1073 2384 1223 2428; x_wconf 63' lang='grc' dir='ltr'><strong>Νοβὶῠθΐ</strong></span> <span class='ocrx_word' id='word_1_196' title='bbox 1240 2385 1415 2426; x_wconf 69' lang='lat' dir='ltr'><strong>Accipere,</strong></span> <span class='ocrx_word' id='word_1_197' title='bbox 1429 2385 1555 2417; x_wconf 58' lang='lat' dir='ltr'><strong>aldire·</strong></span> 
     </span>
     <span class='ocr_line' id='line_1_33' title="bbox 249 2438 1605 2483; baseline 0.001 -14"><span class='ocrx_word' id='word_1_198' title='bbox 249 2445 359 2469; x_wconf 81' lang='lat' dir='ltr'><strong>tenter</strong></span> <span class='ocrx_word' id='word_1_199' title='bbox 375 2439 533 2482; x_wconf 84' lang='lat' dir='ltr'><strong>incipere.</strong></span> <span class='ocrx_word' id='word_1_200' title='bbox 599 2479 605 2483; x_wconf 45' lang='grc'>-</span> <span class='ocrx_word' id='word_1_201' title='bbox 1002 2438 1058 2470; x_wconf 84' lang='grc'><strong>65.</strong></span> <span class='ocrx_word' id='word_1_202' title='bbox 1070 2438 1202 2470; x_wconf 77' lang='lat' dir='ltr'><strong>Nonius</strong></span> <span class='ocrx_word' id='word_1_203' title='bbox 1214 2449 1222 2469; x_wconf 89' lang='lat'>:</span> <span class='ocrx_word' id='word_1_204' title='bbox 1236 2439 1357 2476; x_wconf 82' lang='lat' dir='ltr'><strong>Meret,</strong></span> <span class='ocrx_word' id='word_1_205' title='bbox 1371 2449 1435 2480; x_wconf 87' lang='lat' dir='ltr'><strong>pro</strong></span> <span class='ocrx_word' id='word_1_206' title='bbox 1447 2447 1605 2471; x_wconf 79' lang='lat' dir='ltr'><strong>meretur.</strong></span> 
     </span>
    </p>

    <p class='ocr_par' dir='ltr' id='par_1_6' title="bbox 248 2491 1609 2642">
     <span class='ocr_line' id='line_1_34' title="bbox 297 2491 1606 2534; baseline 0.002 -11"><span class='ocrx_word' id='word_1_207' title='bbox 297 2493 354 2523; x_wconf 81' lang='lat'><strong>58.</strong></span> <span class='ocrx_word' id='word_1_208' title='bbox 367 2493 517 2524; x_wconf 74' lang='lat' dir='ltr'><strong>Nonius:</strong></span> <span class='ocrx_word' id='word_1_209' title='bbox 536 2494 675 2531; x_wconf 87' lang='lat' dir='ltr'><strong>Locare,</strong></span> <span class='ocrx_word' id='word_1_210' title='bbox 691 2494 899 2526; x_wconf 80' lang='lat' dir='ltr'><strong>constituere.</strong></span> <span class='ocrx_word' id='word_1_211' title='bbox 1002 2491 1058 2522; x_wconf 77' lang='lat'><strong>66·</strong></span> <span class='ocrx_word' id='word_1_212' title='bbox 1076 2491 1226 2523; x_wconf 63' lang='lat' dir='ltr'><strong>Nonius:</strong></span> <span class='ocrx_word' id='word_1_213' title='bbox 1241 2491 1367 2532; x_wconf 53' lang='grc' dir='ltr'><em>Εῒῖἑῒ,</em></span> <span class='ocrx_word' id='word_1_214' title='bbox 1385 2498 1435 2523; x_wconf 71' lang='grc' dir='ltr'><strong>θδῑ</strong></span> <span class='ocrx_word' id='word_1_215' title='bbox 1454 2492 1513 2534; x_wconf 79' lang='lat' dir='ltr'><strong>qui</strong></span> <span class='ocrx_word' id='word_1_216' title='bbox 1534 2493 1606 2526; x_wconf 75' lang='lat' dir='ltr'><strong>sine</strong></span> 
     </span>
     <span class='ocr_line' id='line_1_35' title="bbox 299 2543 1141 2587; baseline 0.004 -14"><span class='ocrx_word' id='word_1_217' title='bbox 299 2543 351 2582; x_wconf 84' lang='lat'><strong>59.</strong></span> <span class='ocrx_word' id='word_1_218' title='bbox 379 2545 511 2576; x_wconf 82' lang='lat' dir='ltr'><strong>Nonius</strong></span> <span class='ocrx_word' id='word_1_219' title='bbox 530 2556 537 2575; x_wconf 92' lang='lat'>:</span> <span class='ocrx_word' id='word_1_220' title='bbox 563 2545 735 2576; x_wconf 81' lang='lat' dir='ltr'><strong>Contentus</strong></span> <span class='ocrx_word' id='word_1_221' title='bbox 757 2545 900 2583; x_wconf 73' lang='lat' dir='ltr'><strong>dicitur,</strong></span> <span class='ocrx_word' id='word_1_222' title='bbox 954 2545 1025 2587; x_wconf 84' lang='lat' dir='ltr'><strong>lege</strong></span> <span class='ocrx_word' id='word_1_223' title='bbox 1045 2545 1141 2576; x_wconf 79' lang='lat' dir='ltr'><strong>vivit.</strong></span> 
     </span>
     <span class='ocr_line' id='line_1_36' title="bbox 248 2591 1609 2642; baseline 0.005 -18"><span class='ocrx_word' id='word_1_224' title='bbox 248 2596 373 2627; x_wconf 76' lang='lat' dir='ltr'><strong>cui-res</strong></span> <span class='ocrx_word' id='word_1_225' title='bbox 390 2591 488 2630; x_wconf 63' lang='lat' dir='ltr'><strong>etiarn</strong></span> <span class='ocrx_word' id='word_1_226' title='bbox 504 2610 605 2642; x_wconf 85' lang='lat' dir='ltr'><strong>parva</strong></span> <span class='ocrx_word' id='word_1_227' title='bbox 620 2599 753 2631; x_wconf 85' lang='lat' dir='ltr'><strong>abunde</strong></span> <span class='ocrx_word' id='word_1_228' title='bbox 775 2607 839 2631; x_wconf 84' lang='lat' dir='ltr'><strong>est.</strong></span> <span class='ocrx_word' id='word_1_229' title='bbox 1001 2600 1058 2639; x_wconf 86' lang='lat'><strong>67.</strong></span> <span class='ocrx_word' id='word_1_230' title='bbox 1085 2599 1217 2631; x_wconf 72' lang='lat' dir='ltr'><strong>Nonius</strong></span> <span class='ocrx_word' id='word_1_231' title='bbox 1234 2611 1242 2630; x_wconf 74' lang='grc' dir='ltr'><strong>ε</strong></span> <span class='ocrx_word' id='word_1_232' title='bbox 1266 2598 1423 2639; x_wconf 63' lang='lat' dir='ltr'><strong>sperari,</strong></span> <span class='ocrx_word' id='word_1_233' title='bbox 1443 2606 1494 2630; x_wconf 83' lang='lat' dir='ltr'><strong>est</strong></span> <span class='ocrx_word' id='word_1_234' title='bbox 1519 2601 1609 2631; x_wconf 87' lang='lat' dir='ltr'><strong>Deos</strong></span> 
     </span>
    </p>
   </div>
   <div class='ocr_carea' id='block_1_5' title="bbox 250 2649 1607 2744">
    <p class='ocr_par' dir='ltr' id='par_1_7' title="bbox 250 2649 1607 2744">
     <span class='ocr_line' id='line_1_37' title="bbox 297 2649 1607 2694; baseline 0.005 -16"><span class='ocrx_word' id='word_1_235' title='bbox 297 2649 353 2679; x_wconf 85' lang='lat'><strong>60.</strong></span> <span class='ocrx_word' id='word_1_236' title='bbox 383 2653 514 2684; x_wconf 84' lang='lat' dir='ltr'><strong>Nonius</strong></span> <span class='ocrx_word' id='word_1_237' title='bbox 533 2664 540 2683; x_wconf 91' lang='lat'><strong>:</strong></span> <span class='ocrx_word' id='word_1_238' title='bbox 570 2652 749 2684; x_wconf 81' lang='lat' dir='ltr'><strong>Producere</strong></span> <span class='ocrx_word' id='word_1_239' title='bbox 770 2674 781 2691; x_wconf 86' lang='lat'><strong><em>,</em></strong></span> <span class='ocrx_word' id='word_1_240' title='bbox 811 2652 898 2684; x_wconf 81' lang='lat' dir='ltr'><strong>foras</strong></span> <span class='ocrx_word' id='word_1_241' title='bbox 953 2652 1121 2694; x_wconf 81' lang='lat' dir='ltr'><strong>religiose,</strong></span> <span class='ocrx_word' id='word_1_242' title='bbox 1131 2659 1248 2683; x_wconf 82' lang='lat' dir='ltr'><strong>etcum</strong></span> <span class='ocrx_word' id='word_1_243' title='bbox 1258 2662 1385 2683; x_wconf 76' lang='lat' dir='ltr'><strong>summa</strong></span> <span class='ocrx_word' id='word_1_244' title='bbox 1396 2653 1607 2684; x_wconf 73' lang='lat' dir='ltr'><strong>veneratione</strong></span> 
     </span>
     <span class='ocr_line' id='line_1_38' title="bbox 250 2700 1511 2744; baseline 0.004 -13"><span class='ocrx_word' id='word_1_245' title='bbox 250 2700 379 2732; x_wconf 75' lang='lat' dir='ltr'><strong>ducere,</strong></span> <span class='ocrx_word' id='word_1_246' title='bbox 952 2705 1120 2739; x_wconf 66' lang='lat' dir='ltr'><strong>sacrificiis</strong></span> <span class='ocrx_word' id='word_1_247' title='bbox 1134 2705 1228 2737; x_wconf 72' lang='lat' dir='ltr'><strong>litare</strong></span> <span class='ocrx_word' id='word_1_248' title='bbox 1241 2728 1250 2744; x_wconf 92' lang='lat'><strong><em>,</em></strong></span> <span class='ocrx_word' id='word_1_249' title='bbox 1266 2705 1318 2738; x_wconf 88' lang='lat' dir='ltr'><strong>vel</strong></span> <span class='ocrx_word' id='word_1_250' title='bbox 1333 2706 1511 2739; x_wconf 78' lang='lat' dir='ltr'><strong>convivari.</strong></span> 
     </span>
    </p>
   </div>
  </div>
 </body>
</html>
