1846 3184
293 291 318 318 2
643 279 698 320 A.
733 278 976 322 PERSII
1015 279 1268 324 FLACCI

351 359 442 401 Nec
467 360 511 401 in
535 359 702 418 bicipiti
724 361 954 404 somniasse
976 362 1179 405 Parnasso

350 436 556 488 Memini,
574 447 623 477 ut
640 448 814 494 repente
836 438 895 479 sic
917 442 1043 495 poeta
1064 439 1297 496 prodirem.

351 511 756 570 Heliconiadasque,
777 512 1064 571 pallidamque
1083 514 1265 556 Pirenen

292 641 402 672 saeculi
429 641 524 671 decus
537 664 549 678 ,
572 640 795 682 imperatorem
822 641 934 672 trium-

286 694 420 736 phalem
430 717 441 731 ,
459 694 652 731 censorium,
676 702 710 725 et
733 695 824 736 quod
841 706 936 736 super

292 746 402 777 omnia
431 754 477 777 est
491 769 502 783 ,
530 747 681 778 Catonem
714 758 777 777 uno
807 747 935 778 caballo

292 809 356 829 esse
367 806 548 829 contentum
562 801 576 828 !
596 797 650 830 Ita
663 797 858 831 verborum
873 796 934 832 de-

291 848 388 883 lectu
405 849 577 882 satiricam
597 849 671 883 vim
688 858 804 896 auget.
820 850 910 884 Nam
922 875 932 892 ‚

286 904 399 946 prolui
416 905 530 940 labra,
544 895 794 948 jumentorum
812 914 911 936 more
923 927 934 944 ‚

293 954 357 1001 qui
382 953 575 988 dimidium
603 954 678 988 fere
706 963 815 1001 caput
835 956 936 1002 aquis

291 1007 936 1053 immergunt.Cabc1lIino,nonPegase‹5

294 1060 395 1106 quod
410 1060 453 1093 ad
468 1059 658 1093 ridiculam
675 1064 866 1106 poetarum
881 1062 938 1095 sui

291 1112 463 1159 temporis
504 1112 695 1146 vanitatem
736 1112 936 1148 retunden-

292 1164 384 1205 dam,
396 1174 436 1198 ut
447 1166 519 1212 jam
533 1164 701 1208 diximus,
710 1166 938 1212 potissimum

290 1218 392 1252 valet.
420 1217 526 1251 Hunc
555 1226 675 1252 autem
703 1219 842 1253 sontem
852 1243 864 1260 ‚
892 1219 938 1254 de

293 1283 370 1317 quo
393 1270 561 1316 loquitur
586 1274 692 1316 poeta
705 1295 715 1311 ,
735 1270 937 1317 Hippocre-

291 1337 376 1357 ncm
394 1335 467 1357 esse
478 1348 488 1363 ‚
505 1324 526 1360 ἢ
539 1323 640 1357 ἵππου
654 1324 765 1370 κρήνην
777 1351 786 1366 ,
804 1326 937 1360 montis

292 1374 473 1409 Heliconis
489 1399 501 1416 ,
524 1373 610 1408 inde
641 1384 762 1409 ortum
790 1388 832 1409 ex
858 1376 935 1411 ictu

290 1428 436 1474 ungulae
451 1427 573 1474 Pegasi
586 1428 741 1462 salientis
753 1454 764 1471 ‚
780 1429 937 1463 Bellero-

290 1481 438 1528 phontis
452 1480 555 1527 equi,
571 1493 590 1514 e
609 1493 682 1527 quo
697 1481 861 1516 bibentes
872 1491 939 1517 sta-

291 1535 358 1568 tim
367 1537 489 1579 poe'tas
502 1533 581 1567 ficri
590 1558 600 1575 ,
612 1534 780 1568 omnibus
789 1535 846 1570 vel
857 1536 942 1570 tiro-

291 1587 400 1621 nibus
411 1595 555 1621 notum.
571 1585 654 1621 Haec
668 1588 799 1634 partim
814 1600 860 1622 ex
873 1590 941 1622 Cas.

341 1652 372 1673 2.
408 1641 476 1672 Nec
510 1641 544 1672 in
580 1641 704 1683 bicipiti
735 1643 940 1687 somniasse]

292 1690 608 1734 Quemadmodum
625 1691 698 1734 illi,
718 1693 782 1739 qui
799 1705 819 1727 e
837 1694 939 1728 fonte

292 1758 400 1792 supra
419 1754 615 1780 memorato
634 1745 823 1781 hauserant
835 1771 845 1788 ,
860 1746 941 1781 fieri

292 1802 410 1845 poetae
423 1797 682 1841 credebantur;
696 1799 744 1832 ita
761 1808 797 1833 et
810 1799 863 1833 illi
876 1800 942 1847 qui

293 1864 378 1885 mon
383 1860 434 1885 tes
441 1851 578 1886 vicinos
586 1852 735 1885 Helicon
740 1864 808 1893 em,
815 1852 943 1887 Cithae-

294 1916 422 1938 ronem
441 1912 476 1937 et
494 1903 704 1937 Parnassum
725 1905 943 1940 conscende-

294 1965 396 1998 rent,
410 1965 473 1990 aut
493 1957 584 1991 inibi
606 1966 840 1992 versarentur.
854 1959 943 2001 Quae

295 2010 943 2058 superstitioHomeroatqueHesiodo

295 2063 475 2097 recentior
482 2071 549 2103 est,
557 2075 611 2109 ap.
623 2076 713 2110 quos
721 2065 770 2098 nil
780 2065 847 2099 tale
854 2065 946 2112 quid

296 2116 507 2151 invenitur(
520 2116 699 2151 Hesiodus
717 2118 804 2152 huic
820 2119 946 2152 fabulae

297 2169 518 2203 occasionem
528 2169 621 2203 forte
632 2170 799 2216 praebuit,
809 2171 872 2218 qui
879 2171 944 2206 sic:

298 2223 402 2276 Ᾰρνας
417 2230 617 2276 ποιμαίνονθ’
632 2225 788 2271 Ῑῖλυιῶνος
806 2233 868 2267 ὑπὸ
883 2234 940 2273 ζα·

403 2285 496 2317 θέοιο.

300 2334 349 2368 ait
368 2347 404 2368 se
422 2335 556 2368 factum
579 2339 723 2381 poetam
735 2361 745 2378 ,
764 2338 847 2370 cum
867 2350 946 2384 pas-

302 2396 398 2421 ceret
413 2388 547 2432 ovesvin
563 2387 757 2432 Helicone;
774 2389 875 2436 quod
892 2391 948 2424 in-

302 2450 422 2474 secuta
435 2449 516 2475 aetas
524 2443 673 2488 accepit,
683 2443 782 2489 quasi
793 2442 950 2486 dixisset,

304 2490 386 2524 ideo
399 2504 434 2525 se
453 2496 597 2538 poetam
616 2493 763 2527 evasisse
774 2518 786 2535 ,
800 2493 896 2540 quod
911 2495 949 2528 in

305 2542 476 2578 Helicone
485 2554 642 2587 versatus
660 2555 768 2590 esset3
781 2547 831 2581 sic
842 2547 950 2594 Prop.

307 2596 370 2628 lib.
388 2597 444 2629 111
458 2610 465 2629 ε

308 2648 399 2678 Ὓὶευς
418 2659 499 2678 eram
520 2652 608 2682 molli
627 2654 779 2685 recubans
793 2654 949 2686 Heliconis

392 2694 422 2723 iu
443 2697 566 2736 umbra,

1027 640 1274 680 Bellerophontei
1285 652 1345 682 qua
1354 642 1535 673 fluithumor
1544 644 1630 684 equi,

985 687 1104 728 Reges,
1127 689 1223 725 Alba,
1246 696 1315 719 tuos
1331 712 1339 726 ,
1361 696 1392 719 et
1415 700 1522 731 regum
1547 691 1628 722 fact·

1067 740 1209 771 tuorum,

1027 781 1159 810 Tantum
1171 782 1273 821 operis
1287 782 1391 812 nervis
1407 783 1526 814 hiscere
1538 794 1632 824 posse

1066 837 1154 857 mels.

988 885 1055 926 Ita,
1066 884 1206 919 Persius
1215 890 1356 933 poetam
1368 900 1404 922 se
1415 898 1535 936 negat,
1546 891 1630 936 quia

987 949 1061 971 non
1085 939 1269 973 somniArit
1292 941 1330 974 in
1352 941 1533 976 Parnasso.
1552 943 1630 977 Hoc

988 990 1068 1023 loco
1080 1015 1091 1032 ‚
1108 991 1269 1025 Ennium
1288 993 1384 1040 tangi
1405 994 1552 1040 quidam
1568 1009 1629 1029 vo-

987 1043 1070 1077 lunt
1083 1069 1093 1085 ,
1119 1045 1183 1090 qui
1210 1044 1341 1081 dixerit
1370 1059 1407 1080 se
1432 1047 1562 1082 vidisse
1593 1049 1632 1082 in

989 1097 1130 1130 somnio
1139 1097 1338 1132 Homerum
1355 1099 1421 1133 sibi
1431 1099 1610 1135 dicentem
1621 1114 1631 1134 τ

990 1152 1082 1194 quod
1098 1152 1165 1195 ejus
1181 1153 1292 1184 anima
1308 1154 1341 1185 in
1360 1154 1456 1197 ipsius
1471 1164 1549 1188 essee
1563 1168 1634 1188 cor-

984 1216 1079 1246 pore.
1094 1203 1177 1237 Haec
1188 1229 1199 1246 ,
1216 1216 1258 1238 ex
1272 1205 1493 1240 Casaubono.

1038 1261 1069 1294 3.
1088 1265 1248 1308 Repente]
1267 1258 1314 1300 fix
1335 1269 1391 1300 τοῦ
1410 1270 1632 1314 παραχρῆμα,

988 1313 1065 1347 sine
1088 1315 1163 1348 ullo
1189 1317 1362 1363 temporis
1382 1318 1635 1365 impendio.—

988 1369 1165 1400 Prodz'rem.
1178 1371 1329 1409 Prodire,
1343 1370 1420 1412 hic,
1435 1384 1509 1421 npn
1523 1372 1636 1407 modo

988 1420 1197 1467 simpliciter
1209 1425 1434 1469 προέρχεσθαι,
1449 1424 1534 1460 dare
1546 1438 1584 1461 se
1595 1427 1635 1460 in

992 1481 1226 1518 conspectum
1243 1500 1253 1515 ‚
1281 1475 1343 1509 sed
1377 1477 1526 1512 existere
1540 1479 1643 1520 ‚vel

991 1526 1115 1571 potius
1148 1527 1269 1562 subito
1298 1542 1459 1574 emergere
1474 1555 1484 1569 ‚
1513 1540 1555 1565 ut
1582 1531 1635 1566 sol

994 1580 1174 1614 ἀνατέλλων
1187 1606 1198 1623 ,
1214 1581 1271 1615 vel
1290 1583 1418 1630 aliquis
1437 1596 1456 1618 e
1471 1585 1637 1620 machina

991 1632 1088 1666 Deus
1105 1634 1275 1668 comicus.
1294 1635 1351 1670 Ex
1364 1635 1504 1671 eodem.

1038 1695 1072 1732 4.
1091 1693 1337 1738 Heliconiadus]
1345 1694 1464 1729 Musas
1476 1695 1636 1731 habitan-

992 1751 1044 1777 tes
1057 1743 1265 1778 Heliconem
1275 1770 1286 1788 ,
1301 1746 1445 1781 Boeotiae
1459 1758 1635 1784 montem.

991 1798 1270 1840 —Pallidamque
1285 1800 1433 1833 Pirenen.
1452 1799 1546 1835 Fons
1561 1810 1637 1836 erat

995 1849 1033 1882 in
1064 1850 1324 1886 Acrocorintho
1360 1862 1484 1888 monte
1496 1879 1508 1896 ‚
1535 1856 1639 1902 juxta

996 1901 1124 1935 urbem
1153 1901 1370 1939 Corinthum
1395 1905 1435 1940 in
1459 1906 1640 1955 Pelopon-

995 1967 1095 1988 neso.
1131 1955 1251 1989 Latini
1286 1957 1353 1991 soli
1386 1963 1504 2005 poetae
1537 1961 1639 1996 hunc

997 2008 1134 2042 fontem
1152 2009 1265 2044 Musis
1286 2023 1426 2046 sacrum
1443 2012 1616 2049 dixerunt
1627 2039 1640 2057 ‚

995 2072 1079 2093 nam
1106 2060 1221 2095 Graeci
1243 2064 1456 2110 scriptores,
1480 2079 1639 2113 quorum

995 2111 1065 2146 hoc
1081 2122 1154 2148 erat
1172 2115 1400 2160 pontificium
1411 2143 1422 2160 ‚
1437 2118 1527 2152 nihil
1546 2121 1640 2166 ejus-

996 2165 1097 2199 modi
1118 2179 1338 2214 agnoscunt,
1358 2182 1477 2217 neque
1497 2176 1639 2218 poeta,

996 2230 1114 2264 neque
1127 2221 1329 2266 geographi.
1341 2222 1474 2263 Immo,
1483 2223 1574 2258 hanc
1584 2223 1642 2258 Pi-

995 2271 1091 2305 renis
1115 2272 1290 2318 originem
1312 2274 1470 2310 ostendit
1487 2277 1641 2324 scriptor

998 2320 1145 2371 quidam
1155 2326 1312 2369 Graecus,
1319 2326 1452 2362 dicens:
1461 2331 1596 2377 Πειρήνη
1609 2333 1640 2366 ἐν

1002 2378 1141 2424 Κορίνθῳ
1154 2380 1191 2412 ἐκ
1200 2383 1263 2412 τῶν
1273 2376 1419 2426 δακρύων
1426 2383 1578 2428 Πειρήνης
1586 2397 1642 2430 γυ-

1002 2431 1108 2470 ναικός
1129 2444 1212 2471 τινος
1231 2428 1439 2478 δακρυσάσης
1454 2436 1507 2469 τὸν
1523 2437 1642 2476 ἑαυτῆς

1001 2482 1064 2517 ὒιὸν
1084 2489 1163 2529 παρ’
1181 2481 1299 2518 ἐλπίδα
1317 2487 1512 2533 φθειρόμενον
1527 2500 1535 2521 :
1549 2501 1643 2535 proe·

1002 2543 1095 2571 terea
1107 2560 1118 2577 ‚
1131 2544 1234 2570 vetus
1244 2537 1420 2583 interpres
1433 2538 1543 2573 Persii
1553 2565 1563 2581 ,
1577 2540 1642 2587 qui

1000 2589 1210 2623 meminerat
1227 2591 1346 2625 Musas
1361 2592 1398 2626 in
1416 2591 1589 2629 Helicone
1607 2603 1644 2630 et

1001 2641 1063 2675 illo
1077 2641 1241 2677 Phocidis
1253 2651 1370 2678 tractu
1382 2644 1556 2688 habitare,
1566 2659 1641 2681 non

1002 2694 1181 2732 dubitavit
1210 2695 1362 2733 Pirenen
1391 2697 1642 2746 interpretari,
