1846 3184
607 426 931 497 SATIRA
976 440 1104 498 111.

643 582 699 612 IN
730 578 1067 611 DESIDIOSOS.

261 690 473 771 Ninum
491 715 581 764 haec
599 719 767 763 assidue
783 720 801 762 P
817 721 839 762 J
842 736 911 763 am
930 720 1094 762 clarum
1113 734 1238 762 mane
1254 720 1457 763 fenestras

260 800 419 857 Intrat,
439 807 482 840 et
503 807 698 855 angustas
721 795 912 837 extendit
934 795 1099 836 lumine
1119 795 1273 836 rimas:

260 873 485 916 Stertimus
503 871 763 914 indomitum
783 870 901 928 quod
922 870 1174 927 despumare
1191 871 1422 912 Falernum

261 948 451 991 Sufficiat
464 979 476 1001 ,
498 948 650 1008 quinta
673 946 778 988 dum
801 947 913 988 linea
936 946 1125 1004 tangitur
1145 947 1311 989 umbra.

246 1075 289 1109 't.
306 1076 426 1118 Nempe
439 1075 527 1113 hoec,
543 1073 621 1119 eea]
636 1074 721 1106 Vct.
735 1068 842 1106 schol.

208 1139 225 1159 a
239 1128 338 1162 Hanc
361 1128 499 1161 satiram
521 1130 626 1172 poeta
649 1134 694 1159 ex
715 1125 844 1158 Lucilii

209 1196 226 1211 ι
238 1180 332 1214 libro
360 1187 486 1226 quarto
515 1178 692 1212 transtulit
707 1203 717 1220 ,
743 1178 844 1211 casti·

210 1249 226 1263 ι
239 1233 351 1279 gantis
363 1232 516 1266 divitum
538 1231 716 1264 luxuriam
740 1239 775 1264 et
791 1229 847 1263 vi·

209 1301 226 1315 ι
241 1285 300 1318 tia.
314 1300 328 1314 ι
345 1283 589 1318 Introducitur
600 1295 683 1328 ergo
694 1283 848 1328 philoso-

208 1337 304 1383 phus
315 1337 462 1382 juvenes
477 1334 544 1368 sihi
564 1335 602 1367 in
624 1333 847 1379 disciplinam

210 1387 310 1422 datos
339 1389 493 1423 excitans
507 1413 518 1430 ,
540 1395 576 1421 et
601 1394 681 1433 post
706 1386 847 1433 longam

210 1440 414 1486 patientiam
443 1441 594 1473 irascens
624 1439 694 1472 illis
707 1463 718 1480 ‚
747 1438 847 1484 quod

211 1494 324 1528 serius
345 1505 413 1539 pro
435 1504 535 1525 more
561 1503 625 1528 suo
650 1499 846 1537 surgerent.

210 1549 355 1579 -11aec.
370 1545 453 1579 scil.
469 1545 542 1578 haec
562 1543 683 1578 eadem
701 1556 800 1590 ages,
814 1553 850 1578 et

210 1598 249 1633 in
266 1598 400 1632 clarum
418 1596 512 1630 diem
529 1604 650 1629 stertes
661 1595 849 1630 ?-Mane.

212 1649 365 1684 Adverb.
377 1661 444 1696 pro
456 1649 600 1682 nomine
613 1648 778 1694 positum.
791 1649 853 1682 Est

213 1714 299 1736 vero
307 1705 430 1735 clarum
439 1715 534 1734 mane
544 1702 595 1735 sol
608 1701 714 1742 altus,
727 1702 854 1736 clarior

214 1756 326 1790 factus
335 1763 371 1789 et
379 1753 598 1801 ὃιαυγέςερος,
605 1754 767 1788 discussis
779 1767 849 1788 nu·

212 1807 338 1848 bibus,
350 1819 430 1854 qna
448 1808 520 1840 fere
536 1807 709 1840 orientem
725 1807 851 1840 obum-

213 1861 328 1894 bnnt.
345 1858 389 1892 C.
405 1867 441 1892 et
456 1859 496 1892 P.
602 1893 606 1895 ,

266 1924 299 1944 a.
328 1915 371 1944 Et
394 1920 545 1955 angustas
572 1913 718 1943 extendit
736 1913 855 1944 lumine

217 1963 336 2009 riman]
352 1964 555 2010 Hypallage.
563 1963 644 1996 Non
654 1964 748 1996 enim
756 1965 854 1998 rimae

220 2013 462 2049 extenduntur
474 2041 484 2057 ‚
502 2016 558 2048 vel
586 2015 776 2049 dilatantur
796 2017 854 2050 lu·

219 2067 317 2101 mine
333 2067 433 2107 solis3
445 2067 507 2101 sed
524 2068 643 2100 lumen
660 2069 778 2113 ipsum
794 2081 854 2102 ex-

219 2119 388 2160 tenditur,
394 2121 650 2154 transmittente
658 2120 730 2154 sole
737 2121 854 2154 radios

219 2184 302 2206 suos
315 2184 381 2218 per
398 2172 514 2206 rimas.
537 2172 578 2206 C.

268 2225 300 2258 3.
320 2225 511 2270 stertimus]
537 2226 594 2259 Tu
616 2226 742 2260 stertis.
767 2228 857 2273 Apta

220 2284 337 2311 autem
345 2277 577 2324 objurgationi
586 2279 699 2324 prima
709 2291 858 2325 persona

223 2341 291 2375 pro
315 2329 481 2363 secunda.
495 2334 745 2364 -lndomitwn
771 2334 862 2374 quod

222 2383 416 2424 despumare.
428 2407 436 2414 .
450 2407 458 2415 .
469 2408 477 2415 .
504 2384 655 2429 sufficiat.
690 2384 830 2417 Scilicet
846 2396 855 2416 :

224 2431 312 2466 adeo
342 2433 487 2479 longum
520 2443 660 2481 tempus
695 2434 830 2468 dormis
843 2460 854 2476 ‚

226 2483 323 2530 quod
329 2485 480 2519 sufficiat
487 2487 744 2533 concoquendo
753 2488 860 2521 etiam

895 1068 1066 1106 acerrimo
1090 1067 1184 1106 vino.
1198 1094 1245 1100 -
1260 1070 1464 1109 Indomitum.
1479 1100 1486 1108 .
1502 1100 1510 1109 .
1523 1093 1534 1108 a

895 1128 1078 1159 Falernum.
1120 1127 1311 1161 Falernum
1349 1130 1536 1162 indomitum
1591 1128 1594 1129 ⁷

895 1176 1011 1222 poetis
1029 1177 1147 1210 vocari
1170 1177 1269 1211 solet.
1295 1179 1348 1211 De
1367 1179 1436 1212 hoc
1453 1181 1538 1213 vino

898 1227 974 1262 vid.
991 1230 1118 1262 Juven.
1142 1237 1201 1262 sat.
1224 1230 1338 1272 XIII,
1352 1244 1387 1264 v.
1410 1234 1522 1264 216.—
1534 1252 1543 1258 ι

898 1284 1109 1323 Despumare.
1140 1276 1288 1327 Proprie
1317 1279 1513 1317 fervescere
1527 1309 1540 1326 ,

900 1333 1121 1374 fermentari,
1136 1345 1279 1378 spumas
1295 1346 1414 1380 agere,
1429 1336 1543 1370 active

899 1386 967 1419 hoc
984 1386 1064 1419 loco
1083 1386 1189 1419 etiam
1210 1385 1392 1432 digerere,
1410 1399 1542 1422 conco·

901 1450 1012 1485 quere
1038 1438 1075 1471 in
1105 1439 1284 1473 stomacho
1294 1464 1305 1481 ‚
1325 1438 1423 1487 quod
1450 1441 1545 1474 Galli

899 1494 980 1537 apte
993 1489 1135 1531 dicunt,
1147 1504 1241 1524 cuver-
1252 1505 1308 1524 son
1322 1495 1396 1525 vin.
1408 1493 1446 1526 C.
1457 1501 1491 1526 et
1501 1494 1543 1526 A.

950 1548 981 1584 ά.
996 1543 1118 1585 Quinti!
1129 1542 1205 1576 dum
1221 1544 1306 1577 linea
1319 1543 1464 1589 tangitur
1478 1560 1546 1579 uma

906 1597 993 1640 bnt]
1012 1597 1107 1629 Dum
1119 1622 1130 1639 ‚
1149 1594 1185 1629 in
1210 1596 1313 1630 solari
1333 1597 1543 1644 horologio.

904 1661 1061 1694 gnomon
1089 1649 1224 1694 quintae
1249 1649 1351 1683 lineae
1381 1651 1546 1685 umbram

906 1702 998 1735 facit.
1013 1702 1097 1735 Dies
1111 1702 1280 1736 naturalis
1290 1727 1299 1743 ,
1315 1711 1355 1736 ut
1369 1711 1420 1736 est
1433 1706 1548 1737 omni·

902 1755 970 1788 bus
978 1754 1216 1800 notum‚apud
1227 1757 1402 1788 Romanos
1412 1755 1448 1788 in
1460 1754 1551 1789 duo-

905 1805 1021 1840 decim
1051 1807 1152 1840 horas
1184 1804 1413 1841 dividebatur
1432 1821 1440 1840 :
1470 1808 1547 1842 scil.

906 1871 968 1892 sex
991 1867 1092 1892 erant
1112 1867 1193 1892 ante
1218 1859 1403 1894 meridiem
1427 1861 1547 1898 horae.

906 1920 941 1945 et
962 1911 1113 1945 totidem
1136 1920 1232 1957 post.
1257 1910 1311 1946 Ita
1325 1937 1336 1954 ,
1354 1913 1549 1959 incipiente

905 1965 1020 2011 prima
1031 1965 1118 1998 hora
1130 1959 1174 1998 ad
1184 1974 1305 1999 ortum
1317 1963 1410 2006 solis,
1421 1967 1550 2012 quinta

905 2016 949 2050 ad
959 2025 1112 2050 nostram
1122 2016 1348 2051 undecimam
1358 2018 1550 2059 recideret;

906 2069 979 2116 quo
989 2078 1148 2115 tempore
1158 2066 1332 2116 prandere
1341 2072 1464 2105 multis
1476 2080 1552 2105 erat

906 2129 1129 2154 consuetum.
1148 2120 1257 2161 Quod
1276 2130 1396 2155 autem
1415 2129 1552 2167 spectat

910 2172 953 2207 ad
968 2169 1153 2219 horologia
1167 2172 1288 2207 solaria
1299 2199 1309 2214 ‚
1329 2175 1550 2219 illorumque

909 2226 1156 2272 antiquitatem
1167 2251 1178 2266 ‚
1195 2226 1325 2259 horum
1343 2227 1481 2272 primus
1495 2226 1551 2257 in-

910 2286 1051 2318 ventor,
1062 2277 1090 2310 si
1101 2276 1216 2310 Plinio
1230 2277 1318 2310 fides
1330 2277 1529 2311 adhibenda
1538 2307 1551 2323 ,

909 2330 978 2363 suit
1007 2329 1241 2362 Anaximenes
1275 2330 1432 2363 Milesius
1450 2343 1461 2371 ;
1488 2334 1553 2367 etsi

908 2381 1175 2416 Anaximandro
1192 2381 1300 2427 hujus
1314 2383 1478 2427 magistro
1493 2386 1556 2419 tri-

909 2435 1028 2467 buunt
1045 2433 1192 2478 Diogen.
1216 2433 1332 2466 Laert.
1356 2434 1418 2466 lib.
1436 2436 1475 2468 ΙΙ
1487 2461 1498 2477 ,
1516 2446 1555 2472 et

912 2485 1115 2534 Vitruvius.
1146 2486 1265 2518 Romae
1289 2498 1374 2521 vero
1405 2487 1552 2524 illorum

274 2598 318 2630 V.
338 2611 368 2631 ι.
383 2603 468 2632 Hoec.
484 2604 625 2644 Quidam
645 2603 740 2634 codd.
760 2610 792 2634 et
810 2603 968 2634 editiones
988 2601 1158 2633 nonnullae
1177 2602 1300 2634 habent
1317 2603 1399 2636 hoc:
1411 2611 1444 2636 at
1457 2607 1553 2648 parvi

229 2650 372 2682 interest.
395 2654 514 2684 Noster
531 2655 604 2686 cod.
622 2655 723 2686 habet
740 2655 811 2685 hoc.
832 2657 915 2684 Item
932 2654 1010 2684 edit.
1026 2654 1144 2684 Aldina
1165 2654 1262 2685 1535.

278 2701 319 2733 V.
341 2713 374 2734 a.
392 2706 555 2738 liz-tendit.
573 2708 653 2741 Cod.
671 2715 782 2740 noster
796 2707 882 2738 inter
899 2707 1000 2738 lineas
1014 2705 1115 2738 hahet
1128 2707 1274 2739 ostendit.

1300 2763 1324 2804 5
