1846 3184
293 328 377 372 186
567 327 768 372 VETT.
805 327 1341 385 COMMENTARII

283 412 434 450 dicunt.
466 413 515 449 Et
547 411 765 449 seeundum
798 410 981 462 physicos
1014 411 1138 459 dixit,
1171 412 1241 463 qui
1275 411 1435 449 tradunt
1460 410 1642 450 homines

285 476 420 528 splene
446 475 594 522 ridere,
619 475 711 513 felle
738 475 872 522 irasci,
893 476 1024 527 jecore
1049 489 1200 523 amare,
1222 476 1340 514 corde
1369 489 1523 528 sapere,
1547 476 1641 528 pul-

285 553 404 579 mone
418 541 566 592 jactari.

336 611 384 648 V.
419 617 478 656 14.
510 612 666 647 Animae
688 609 935 660 proelargus.]
970 609 1121 648 Animae
1153 610 1363 662 praelargus
1395 610 1490 649 dicit
1518 620 1635 650 vento

284 674 505 711 abundans.

335 740 383 774 V.
409 738 469 774 16.
495 740 546 794 Et
566 737 749 774 natalitid
772 746 798 774 t.
823 752 856 774 c.
876 751 908 774 s.
933 738 1072 790 albus]
1095 738 1340 790 Ambiguitas
1366 739 1408 776 in
1434 740 1637 785 natalitia,

283 810 417 839 utrum
447 815 533 839 eam
562 801 681 839 natali
709 815 780 839 suo
812 815 973 840 munere
1001 803 1215 857 acceperit,
1244 817 1294 841 an
1322 812 1473 841 tantum
1501 817 1547 841 eo
1577 803 1641 841 die

282 879 414 918 gerere
438 865 583 904 soleat:
611 867 704 917 quia
732 866 895 917 quidam
921 866 1067 904 habent
1090 867 1252 914 anulos,
1273 881 1373 919 quos
1399 868 1463 906 die
1488 877 1640 906 tantum

281 930 401 969 natali
417 940 568 983 gerunt.
585 933 652 977 Et,
671 933 782 968 albus
791 961 803 978 ,
825 940 892 969 aut
907 930 1041 969 festiva
1054 940 1158 970 veste
1173 932 1355 980 indutus,
1371 942 1440 971 aut
1452 934 1641 971 recitandi

281 1010 424 1047 pavore
439 1024 450 1042 ,
472 1009 516 1033 ac
534 996 749 1034 meditandi
777 1005 816 1034 et
841 996 1035 1034 scribendi
1055 996 1171 1034 taedio
1190 996 1439 1048 perfunctus:
1457 998 1518 1035 vel
1535 1007 1640 1036 veste

281 1060 446 1098 candida
457 1091 467 1108 ,
483 1061 662 1099 nondum
675 1074 921 1113 purpureum
938 1061 1103 1113 adeptus
1117 1062 1392 1100 vestimentum
1403 1091 1414 1108 ,
1429 1063 1539 1114 quod
1552 1063 1642 1100 lati-

280 1126 450 1164 clavium
473 1126 630 1164 dicitur.

334 1198 384 1233 V.
422 1197 481 1234 18.
513 1196 721 1248 Patrantzt]
752 1179 919 1235 Patratio
953 1205 1010 1235 est
1040 1197 1096 1235 rei
1124 1200 1309 1235 Venereae
1337 1197 1524 1249 perfectio
1541 1227 1552 1245 ‚
1577 1198 1641 1235 vel

250 1298 255 1301 ,
280 1261 566 1299 consummatio
581 1290 591 1308 ‚
610 1261 716 1299 unde
744 1267 782 1299 et
802 1270 937 1311 patres
962 1261 1079 1308 dicti,
1100 1275 1146 1300 eo
1174 1261 1284 1313 quod
1304 1263 1519 1314 patratione
1538 1262 1640 1300 filios

284 1333 503 1376 procreant.

331 1390 390 1427 Ib.
413 1391 574 1436 Ocella]
594 1393 666 1427 Per
679 1393 906 1438 ὓποκόρισματ
924 1391 1017 1442 quia
1032 1391 1147 1429 illum
1165 1390 1431 1430 contrahendo
1445 1392 1638 1430 minorem

282 1455 386 1492 facit.
404 1457 426 1492 J
429 1455 602 1493 uvenalis
620 1469 628 1491 z

521 1556 712 1564 ......
738 1533 929 1575 Oculosque
952 1534 989 1564 in
1012 1532 1081 1564 fine
1101 1541 1286 1564 trementes.

331 1606 380 1640 V.
418 1616 480 1640 21.
512 1605 565 1641 Et
591 1605 749 1640 tremulo
779 1603 1050 1653 scalpuntur-‚J
1087 1605 1133 1640 In
1167 1602 1381 1658 libidinem*
1405 1603 1634 1640 excitantur.

279 1671 300 1705 J
304 1667 479 1705 uvenalis
497 1682 506 1704 t

519 1757 528 1765 .
555 1757 564 1764 .
591 1756 599 1764 .
629 1757 638 1764 .
664 1733 766 1773 Quod
784 1733 873 1764 enim
893 1744 964 1764 nou
982 1733 1105 1764 excitat
1121 1733 1249 1775 inguen

513 1789 592 1819 Vox
608 1787 728 1818 blanda
739 1810 748 1826 ,
762 1794 794 1818 et
813 1787 979 1828 nequam?
997 1786 1118 1829 digitos
1134 1786 1249 1818 habet.

331 1868 379 1902 V.
404 1868 467 1903 26.
494 1868 620 1916 Usque
645 1869 797 1904 adeone
819 1868 918 1903 scire
943 1866 1078 1917 tuum]
1107 1867 1199 1904 Haec
1226 1865 1412 1917 periodus
1430 1865 1537 1917 apud
1555 1867 1637 1903 Lu-

281 1930 434 1968 cillium
456 1930 582 1981 posita
601 1939 659 1967 est
671 1960 681 1977 ‚
702 1939 747 1967 ut
762 1944 825 1968 me
851 1931 948 1969 scire
967 1931 1063 1968 volo
1079 1931 1133 1967 mi
1151 1931 1205 1968 mi
1229 1930 1408 1968 conscius
1426 1933 1542 1967 sum*
1554 1959 1565 1976 ‚
1585 1944 1637 1968 ne

278 1995 468 2032 damnum
490 1995 641 2032 faciam.
661 1996 767 2032 Scire
790 1995 866 2033 hoc
885 2009 925 2033 se
946 1995 1089 2042 nescit,
1109 1996 1183 2033 nisi
1201 1995 1299 2033 alios
1319 1995 1360 2033 id
1379 1995 1476 2032 scire
1492 1995 1632 2032 scierit.

331 2068 379 2102 V.
405 2067 467 2102 28.
487 2068 543 2102 At
554 2066 765 2114 pulchrum
790 2074 848 2102 est
871 2067 909 2101 d.
939 2066 1007 2116 m.]
1036 2063 1108 2102 Hic
1135 2066 1347 2116 requiritur
1370 2064 1530 2102 historia
1555 2066 1636 2102 De-

275 2129 490 2168 mosthenis
501 2159 512 2176 ‚
532 2130 625 2181 qui,
643 2127 734 2166 cum
753 2130 952 2175 transiret,
972 2138 1011 2167 et
1029 2143 1063 2166 ar
1071 2130 1310 2167 mercenario
1326 2130 1495 2167 tabernae
1511 2129 1634 2180 digito

277 2203 558 2233 monstraretur
568 2223 578 2240 ,
600 2194 724 2232 fertur
735 2194 886 2232 laetatus
899 2207 998 2239 esse,
1013 2194 1122 2244 quod
1137 2194 1186 2231 ab
1202 2194 1442 2245 ignobilibus
1457 2194 1631 2231 sciretur.

277 2262 326 2297 Et
345 2260 529 2298 Horatius
542 2289 554 2306 ,
574 2258 642 2296 lib.
665 2259 720 2295 IV
739 2258 957 2295 carminum
971 2286 981 2304 ,
998 2258 1053 2295 sic
1073 2258 1205 2309 posuit
1221 2271 1230 2294 ε

513 2338 636 2368 Totum
654 2337 801 2368 muneris
818 2337 884 2367 hoc
903 2336 954 2366 tui
972 2343 1038 2374 est,

513 2390 614 2431 Quod
631 2397 799 2422 monstror
816 2390 920 2433 digito
936 2389 1217 2432 praetereuntium.

330 2462 379 2498 V.
401 2473 464 2510 29.
490 2463 588 2497 Ten’-
601 2458 852 2510 cirratorum.]
872 2458 1038 2497 Occulte
1052 2458 1175 2509 tangit
1187 2460 1382 2495 Neronem
1392 2486 1403 2503 ,
1419 2459 1533 2510 cujus
1548 2471 1630 2496 ear-

210 2560 216 2565 ,
277 2525 381 2562 mina
393 2553 404 2570 ,
421 2525 514 2575 quia
532 2524 765 2575 imperabat,
782 2537 852 2575 per
873 2522 1023 2561 scholas
1041 2522 1350 2560 celebrabantur.

328 2598 375 2632 V.
396 2597 458 2646 39.
480 2598 595 2634 Nunc
612 2609 689 2632 non
708 2609 729 2631 e
748 2595 921 2646 tantula]
941 2593 1136 2632 Tumulus
1151 2592 1296 2632 dicitur
1311 2601 1420 2631 terrae
1435 2593 1605 2645 aggestio
1617 2621 1628 2640 ,

276 2661 371 2697 *ubi
391 2661 502 2699 nulla
521 2669 579 2699 est
594 2661 801 2699 memoria.

328 2732 375 2766 V.
395 2732 456 2774 43.
474 2734 559 2769 Nec
574 2733 766 2770 scombros
779 2740 866 2771 met.
886 2745 967 2769 car.
985 2744 1055 2769 nec
1071 2730 1162 2783 ται]
1176 2731 1273 2779 Quae
1288 2730 1458 2769 carmina
1473 2729 1630 2768 nullum
