1846 3184
454 240 479 298 Ϊ
503 269 898 327 sarnunto
936 271 960 312 1
997 269 1221 313 suun.
1474 274 1559 328 243

220 371 239 389 ι
252 363 395 392 cuntur
407 352 628 400 Diibhabere
645 351 885 400 concilium.
900 360 941 390 et
957 365 1069 404 agere
1084 353 1212 404 primo
1227 353 1276 392 de
1288 354 1446 397 interitu
1458 358 1561 408 Lupi

221 436 239 453 ι
251 418 455 469 eujusdam
464 417 610 466 judicis
624 417 845 468 rei‚postae
859 418 1065 456 sententias
1078 417 1220 456 dicere.
1231 435 1249 452 ι
1265 419 1343 456 Sed
1356 419 1432 458 hoc
1442 449 1454 467 ‚
1467 422 1560 472 quia

218 483 422 535 indignum
444 491 525 520 erat
550 482 707 520 heroico
729 482 920 528 nmine,
941 483 1105 520 mutavit
1117 483 1326 535 Virgilius,
1345 492 1384 522 et
1407 482 1562 524 in‘duxit

218 547 346 599 primo
360 550 497 585 Iovem
517 547 743 598 loquentem
766 546 816 584 de
839 546 1066 598 interruptis
1088 547 1321 595 soederibus,
1343 551 1457 601 cujus
1475 563 1561 588 ora-

218 613 364 650 tionem
392 612 598 663 interrupit
623 614 756 649 Venus
779 625 788 648 :
818 620 908 663 post
939 620 1071 650 secuta
1101 614 1266 651 sunonis
1289 615 1408 653 verba
1440 623 1532 652 sunt
1544 643 1556 661 ‚

214 676 361 728 quibus
377 676 575 728 redarguit
590 679 795 715 Venerem.

867 743 887 778 1

268 805 487 844 Concilium
505 806 668 843 summis
684 805 891 843 hominum
909 805 959 844 de
972 805 1089 844 rebus
1103 805 1311 846 habebant.

619 870 629 893 ’-
854 871 873 906 Ῑ
885 871 917 907 Ι.

266 933 419 971 Vellem
435 934 601 971 concilio
620 934 792 971 vestrum
802 962 815 980 ,
831 934 940 985 quod
958 934 1087 972 dicitis
1097 964 1109 982 ‚
1128 935 1224 974 olim

267 997 484 1044 Coelicolae;
504 998 644 1036 vellem
657 1027 668 1044 ‚
686 999 847 1050 inquam
860 1027 872 1046 ,
888 999 1160 1038 adfuvissemn'
1179 1001 1309 1052 priore

266 1062 456 1100 Concilio.
828 1068 837 1074 ²
892 1091 896 1094 .

837 1128 857 1164 1
868 1128 888 1164 1
898 1129 931 1164 1.
956 1184 958 1186 q

265 1191 321 1228 Ut
337 1203 453 1228 nemo
471 1190 520 1227 sit
539 1190 739 1236 nostrum,
757 1190 854 1241 quin
872 1193 983 1228 Pater
1000 1192 1165 1243 optimu’
1182 1193 1350 1240 Divum,

264 1255 322 1291 Ut
338 1255 538 1305 Neptunu’
554 1256 683 1300 Pater,
699 1254 838 1301 Liber,
856 1256 1038 1293 Saturnu’
1053 1259 1184 1302 Pater,
1200 1259 1302 1295 Mars
1314 1286 1326 1304 ,

265 1319 391 1364 Janu’,
409 1317 589 1364 Quirinn’
606 1320 739 1363 Pater,
758 1331 904 1356 nomen
921 1318 1075 1357 dicatur
1090 1319 1140 1357 ad
1157 1328 1295 1358 unum.

646 1409 650 1413 »
843 1384 863 1420 1
872 1385 922 1420 V.

275 1472 706 1482 .................
731 1446 919 1484 Tubulus
933 1447 965 1484 si
984 1448 1128 1485 Lucius
1148 1461 1322 1500 unquam
1335 1479 1345 1495 ,

264 1509 307 1547 si
324 1512 459 1560 Lupus
470 1538 482 1555 ‚
500 1518 570 1546 aut
588 1510 713 1548 Carbo
730 1511 903 1562 Neptuni
923 1511 1019 1548 filiu’
1039 1512 1159 1549 Divos

264 1574 356 1610 Esse
374 1581 568 1624 putasset,
585 1582 664 1611 tam
683 1574 827 1625 impius
839 1602 849 1620 ,
868 1582 937 1611 aut
953 1574 1125 1625 peijuru'
1144 1575 1310 1614 fuisset?

861 1641 905 1675 V.

261 1703 352 1748 Quo
368 1709 480 1752 pacto
500 1702 695 1759 populum
712 1710 830 1752 atque
846 1701 987 1739 urbem
1004 1715 1154 1741 servare
1169 1703 1322 1755 potissit

263 1765 438 1816 Ampliu’
455 1767 684 1803 Romanam.

841 1832 918 1867 VI.

206 1925 209 1929 ,
272 1920 598 1930 .............
616 1895 671 1931 Ut
682 1893 834 1931 vmultos
850 1907 1081 1946 mensesque
1095 1894 1257 1948 diesque
1269 1926 1281 1944 ,

262 1957 351 1994 Non
370 1964 499 1994 tamen
516 1965 668 1995 aetatem
687 1965 913 2009 tempesmte
930 1958 1003 1996 haic
1020 1958 1202 1997 scelerosi

262 2022 482 2058 Laetentur.·

826 2078 863 2112 V
871 2077 890 2112 I
903 2076 934 2112 Ι.

260 2137 352 2174 Haec
369 2136 440 2174 uhi
457 2136 561 2174 dicta
580 2110 709 2185 detsit,
726 2151 887 2189 pausam
905 2139 998 2186 facit
1015 2153 1082 2178 ore
1101 2141 1303 2192 loquendi.

804 2205 842 2239 V
852 2206 870 2240 1
883 2205 902 2241 1
914 2206 945 2240 I.

259 2248 342 2302 Nec
358 2264 391 2302 si
407 2253 628 2304 Carneaden
643 2266 774 2317 ipsum
790 2267 840 2305 ad
854 2257 926 2305 nos
941 2269 1059 2306 Orcu'
1071 2268 1254 2306 remittat.

260 2402 290 2423 ι.
299 2393 430 2425 Servius
439 2393 477 2424 in
487 2395 537 2425 lx
546 2394 630 2425 Aen.
643 2406 674 2425 v.
953 2395 985 2426 5.
1002 2395 1168 2427 Charisius
1177 2418 1187 2434 ‚
1199 2395 1258 2427 lib.
1271 2398 1331 2429 11.
1341 2398 1504 2442 Amplius.

258 2453 291 2474 2-
303 2445 374 2477 Jul.
389 2445 588 2477 Rufinianus
599 2447 639 2477 de
652 2446 766 2488 figuris
778 2458 851 2478 seu·
951 2448 983 2477 6.
1001 2449 1167 2487 Donatus,
1179 2449 1217 2480 in
1230 2451 1315 2482 Eun.
1330 2459 1393 2483 aot.
1404 2455 1447 2492 V,
1458 2466 1504 2487 se.
1515 2455 1548 2494 Ξ.

212 2495 386 2528 tentiam
401 2505 434 2529 et
453 2499 663 2533 elocutionis.
954 2510 983 2539 7.
997 2500 1144 2532 Nonius:
1157 2503 1267 2538 Pausa
1280 2512 1331 2536 est
1342 2507 1438 2548 quies
1447 2509 1551 2542 alien·

259 2547 291 2577 3.
303 2548 392 2579 Iact.
399 2549 458 2580 lib.
469 2553 530 2589 lv,
541 2562 611 2593 cap.
628 2552 646 2582 3
656 2573 665 2588 ‚
679 2551 756 2582 Div.
771 2552 850 2582 Inst-
903 2553 959 2595 jus
978 2553 1036 2584 rei.

258 2604 290 2635 4.
309 2600 449 2641 Neptuni
461 2603 555 2646 filius
566 2628 575 2641 ,
595 2604 631 2635 id
654 2611 702 2636 est
715 2628 724 2644 ‚
744 2605 831 2637 ferus
842 2628 851 2645 ,
953 2607 985 2636 8.
1007 2607 1195 2641 Lactantius
1209 2632 1219 2649 ,
1244 2610 1303 2642 lib.
1327 2613 1371 2652 V,
1390 2598 1462 2657 dp.
1487 2627 1501 2647 ι
1511 2616 1531 2647 5
1540 2639 1549 2655 ,

211 2658 297 2683 auct.
312 2653 437 2692 Gellio,
448 2654 506 2700 lib.
518 2658 593 2696 XV,
610 2668 663 2689 21.
905 2658 1017 2689 Divin.
1037 2661 1116 2691 lust.

1249 2720 1313 2762 16.
