<?xml version="1.0" encoding="UTF-8"?>
<!DOCTYPE html PUBLIC "-//W3C//DTD XHTML 1.0 Transitional//EN"
    "http://www.w3.org/TR/xhtml1/DTD/xhtml1-transitional.dtd">
<html xmlns="http://www.w3.org/1999/xhtml" xml:lang="en" lang="en">
 <head>
  <title>
</title>
<meta http-equiv="Content-Type" content="text/html;charset=utf-8" />
  <meta name='ocr-system' content='tesseract 3.04.00' />
  <meta name='ocr-capabilities' content='ocr_page ocr_carea ocr_par ocr_line ocrx_word'/>
</head>
<body>
  <div class='ocr_page' id='page_1' title='image "./satiraeadcodice00persuoft_0306.png"; bbox 0 0 1846 3184; ppageno 0'>
   <div class='ocr_carea' id='block_1_1' title="bbox 313 259 1368 336">
    <p class='ocr_par' dir='ltr' id='par_1_1' title="bbox 313 259 1368 336">
     <span class='ocr_line' id='line_1_1' title="bbox 313 259 1368 336; baseline 0.006 -6"><span class='ocrx_word' id='word_1_1' title='bbox 313 289 399 331; x_wconf 82' lang='lat'><strong>266</strong></span> <span class='ocrx_word' id='word_1_2' title='bbox 569 290 615 331; x_wconf 80' lang='lat' dir='ltr'><strong>c,</strong></span> <span class='ocrx_word' id='word_1_3' title='bbox 649 289 906 332; x_wconf 85' lang='lat' dir='ltr'>LUCILII</span> <span class='ocrx_word' id='word_1_4' title='bbox 942 259 1368 336; x_wconf 72' lang='lat' dir='ltr'><strong>FRAGMENTA</strong></span> 
     </span>
    </p>
   </div>
   <div class='ocr_carea' id='block_1_2' title="bbox 351 375 1564 2042">
    <p class='ocr_par' dir='ltr' id='par_1_2' title="bbox 351 375 1564 2042">
     <span class='ocr_line' id='line_1_2' title="bbox 923 375 1022 411; baseline 0 0"><span class='ocrx_word' id='word_1_5' title='bbox 923 383 928 385; x_wconf 68' lang='grc'><strong><em>’</em></strong></span> <span class='ocrx_word' id='word_1_6' title='bbox 940 375 979 411; x_wconf 90' lang='grc' dir='ltr'>Χ</span> <span class='ocrx_word' id='word_1_7' title='bbox 991 376 1022 411; x_wconf 92' lang='grc' dir='ltr'><strong>Ι.</strong></span> 
     </span>
     <span class='ocr_line' id='line_1_3' title="bbox 361 435 1328 491; baseline 0.006 -18"><span class='ocrx_word' id='word_1_8' title='bbox 361 438 416 474; x_wconf 92' lang='lat' dir='ltr'><strong>Ut</strong></span> <span class='ocrx_word' id='word_1_9' title='bbox 431 435 657 487; x_wconf 87' lang='lat' dir='ltr'><strong>perhibetur</strong></span> <span class='ocrx_word' id='word_1_10' title='bbox 675 439 798 485; x_wconf 84' lang='lat' dir='ltr'><strong>iners,</strong></span> <span class='ocrx_word' id='word_1_11' title='bbox 818 452 878 476; x_wconf 87' lang='lat' dir='ltr'><strong>ars</strong></span> <span class='ocrx_word' id='word_1_12' title='bbox 899 439 940 476; x_wconf 89' lang='lat' dir='ltr'><strong>in</strong></span> <span class='ocrx_word' id='word_1_13' title='bbox 961 453 1041 491; x_wconf 91' lang='lat' dir='ltr'><strong>quo</strong></span> <span class='ocrx_word' id='word_1_14' title='bbox 1060 453 1140 478; x_wconf 88' lang='lat' dir='ltr'><strong>non</strong></span> <span class='ocrx_word' id='word_1_15' title='bbox 1159 448 1217 478; x_wconf 90' lang='lat' dir='ltr'><strong>est</strong></span> <span class='ocrx_word' id='word_1_16' title='bbox 1234 440 1328 479; x_wconf 82' lang='lat' dir='ltr'><strong>ulla.</strong></span> 
     </span>
     <span class='ocr_line' id='line_1_4' title="bbox 919 505 1032 541; baseline 0 0"><span class='ocrx_word' id='word_1_17' title='bbox 919 505 959 541; x_wconf 86' lang='lat' dir='ltr'><strong>X</strong></span> <span class='ocrx_word' id='word_1_18' title='bbox 971 507 989 541; x_wconf 92' lang='lat'>1</span> <span class='ocrx_word' id='word_1_19' title='bbox 1001 507 1032 541; x_wconf 88' lang='grc' dir='ltr'><strong>Ι.</strong></span> 
     </span>
     <span class='ocr_line' id='line_1_5' title="bbox 359 567 1541 621; baseline 0.005 -19"><span class='ocrx_word' id='word_1_20' title='bbox 359 569 459 604; x_wconf 85' lang='lat' dir='ltr'><strong>Nam</strong></span> <span class='ocrx_word' id='word_1_21' title='bbox 479 567 587 604; x_wconf 90' lang='lat' dir='ltr'><strong>velut</strong></span> <span class='ocrx_word' id='word_1_22' title='bbox 609 569 706 603; x_wconf 80' lang='lat' dir='ltr'><strong>intro</strong></span> <span class='ocrx_word' id='word_1_23' title='bbox 726 567 834 604; x_wconf 84' lang='lat' dir='ltr'><strong>aliud</strong></span> <span class='ocrx_word' id='word_1_24' title='bbox 854 567 971 619; x_wconf 88' lang='lat' dir='ltr'><strong>longe</strong></span> <span class='ocrx_word' id='word_1_25' title='bbox 991 582 1073 607; x_wconf 86' lang='lat' dir='ltr'><strong>esse</strong></span> <span class='ocrx_word' id='word_1_26' title='bbox 1092 578 1210 621; x_wconf 89' lang='lat' dir='ltr'><strong>atque</strong></span> <span class='ocrx_word' id='word_1_27' title='bbox 1229 573 1325 607; x_wconf 84' lang='lat' dir='ltr'><strong>intu’</strong></span> <span class='ocrx_word' id='word_1_28' title='bbox 1339 570 1541 609; x_wconf 88' lang='lat' dir='ltr'><strong>videmus:</strong></span> 
     </span>
     <span class='ocr_line' id='line_1_6' title="bbox 359 631 1564 684; baseline 0.003 -16"><span class='ocrx_word' id='word_1_29' title='bbox 359 631 423 669; x_wconf 83' lang='lat' dir='ltr'><strong>Sic</strong></span> <span class='ocrx_word' id='word_1_30' title='bbox 441 640 479 669; x_wconf 90' lang='lat' dir='ltr'><strong>et</strong></span> <span class='ocrx_word' id='word_1_31' title='bbox 501 633 612 681; x_wconf 79' lang='lat' dir='ltr'><strong>apud</strong></span> <span class='ocrx_word' id='word_1_32' title='bbox 627 641 684 677; x_wconf 85' lang='lat' dir='ltr'><strong>te,</strong></span> <span class='ocrx_word' id='word_1_33' title='bbox 707 631 824 683; x_wconf 83' lang='lat' dir='ltr'><strong>longe</strong></span> <span class='ocrx_word' id='word_1_34' title='bbox 842 632 922 670; x_wconf 90' lang='lat' dir='ltr'><strong>alid</strong></span> <span class='ocrx_word' id='word_1_35' title='bbox 942 642 1000 671; x_wconf 89' lang='lat' dir='ltr'><strong>est</strong></span> <span class='ocrx_word' id='word_1_36' title='bbox 1011 661 1021 679; x_wconf 88' lang='lat'>,</span> <span class='ocrx_word' id='word_1_37' title='bbox 1038 647 1167 684; x_wconf 88' lang='lat' dir='ltr'><strong>neque</strong></span> <span class='ocrx_word' id='word_1_38' title='bbox 1187 635 1293 673; x_wconf 92' lang='lat' dir='ltr'><strong>idem</strong></span> <span class='ocrx_word' id='word_1_39' title='bbox 1308 636 1410 674; x_wconf 86' lang='lat' dir='ltr'><strong>valet</strong></span> <span class='ocrx_word' id='word_1_40' title='bbox 1426 638 1484 673; x_wconf 89' lang='lat' dir='ltr'><strong>ad</strong></span> <span class='ocrx_word' id='word_1_41' title='bbox 1499 645 1535 674; x_wconf 85' lang='lat' dir='ltr'><strong>te</strong></span> <span class='ocrx_word' id='word_1_42' title='bbox 1549 650 1564 672; x_wconf 85' lang='lat'><strong>.-</strong></span> 
     </span>
     <span class='ocr_line' id='line_1_7' title="bbox 359 698 1323 749; baseline 0.005 -17"><span class='ocrx_word' id='word_1_43' title='bbox 359 700 467 733; x_wconf 82' lang='lat' dir='ltr'><strong>Intro</strong></span> <span class='ocrx_word' id='word_1_44' title='bbox 486 710 555 732; x_wconf 82' lang='lat' dir='ltr'><strong>nos</strong></span> <span class='ocrx_word' id='word_1_45' title='bbox 573 705 692 733; x_wconf 82' lang='lat' dir='ltr'><strong>vocat</strong></span> <span class='ocrx_word' id='word_1_46' title='bbox 707 698 765 733; x_wconf 90' lang='lat' dir='ltr'><strong>ad</strong></span> <span class='ocrx_word' id='word_1_47' title='bbox 778 711 860 734; x_wconf 84' lang='lat' dir='ltr'><strong>sese</strong></span> <span class='ocrx_word' id='word_1_48' title='bbox 872 727 886 744; x_wconf 91' lang='lat'><em>‚</em></span> <span class='ocrx_word' id='word_1_49' title='bbox 909 707 1012 735; x_wconf 84' lang='lat' dir='ltr'><strong>tenet</strong></span> <span class='ocrx_word' id='word_1_50' title='bbox 1025 700 1124 735; x_wconf 85' lang='lat' dir='ltr'><strong>intus</strong></span> <span class='ocrx_word' id='word_1_51' title='bbox 1141 701 1253 749; x_wconf 80' lang='lat' dir='ltr'><strong>apud</strong></span> <span class='ocrx_word' id='word_1_52' title='bbox 1269 714 1323 737; x_wconf 82' lang='lat' dir='ltr'><strong>se.</strong></span> 
     </span>
     <span class='ocr_line' id='line_1_8' title="bbox 518 765 1056 801; baseline 0.007 -4"><span class='ocrx_word' id='word_1_53' title='bbox 518 792 522 797; x_wconf 95' lang='lat'>.</span> <span class='ocrx_word' id='word_1_54' title='bbox 911 765 950 801; x_wconf 91' lang='lat' dir='ltr'>X</span> <span class='ocrx_word' id='word_1_55' title='bbox 963 766 982 800; x_wconf 94' lang='grc' dir='ltr'><strong>Ι</strong></span> <span class='ocrx_word' id='word_1_56' title='bbox 995 765 1013 800; x_wconf 90' lang='grc' dir='ltr'>Ι</span> <span class='ocrx_word' id='word_1_57' title='bbox 1025 766 1056 801; x_wconf 95' lang='grc' dir='ltr'><strong>Ι.</strong></span> 
     </span>
     <span class='ocr_line' id='line_1_9' title="bbox 358 816 1367 880; baseline 0.005 -18"><span class='ocrx_word' id='word_1_58' title='bbox 358 828 478 862; x_wconf 91' lang='lat' dir='ltr'><strong>Porro</strong></span> <span class='ocrx_word' id='word_1_59' title='bbox 499 826 755 875; x_wconf 80' lang='lat' dir='ltr'><strong>Chenopodas</strong></span> <span class='ocrx_word' id='word_1_60' title='bbox 765 855 779 872; x_wconf 89' lang='lat'><em>,</em></span> <span class='ocrx_word' id='word_1_61' title='bbox 801 827 855 864; x_wconf 89' lang='lat' dir='ltr'><strong>sic</strong></span> <span class='ocrx_word' id='word_1_62' title='bbox 878 816 1114 876; x_wconf 69' lang='lat' dir='ltr'><strong>Clihopodas</strong></span> <span class='ocrx_word' id='word_1_63' title='bbox 1133 829 1367 880; x_wconf 65' lang='lat' dir='ltr'><strong>{yclmosque</strong></span> 
     </span>
     <span class='ocr_line' id='line_1_10' title="bbox 360 890 1373 943; baseline 0.004 -17"><span class='ocrx_word' id='word_1_64' title='bbox 360 890 533 927; x_wconf 86' lang='lat' dir='ltr'><strong>Diximu’</strong></span> <span class='ocrx_word' id='word_1_65' title='bbox 552 897 678 939; x_wconf 82' lang='grc' dir='ltr'>σεμνῶς</span> <span class='ocrx_word' id='word_1_66' title='bbox 697 893 923 940; x_wconf 85' lang='lat' dir='ltr'><strong>antepedes</strong></span> <span class='ocrx_word' id='word_1_67' title='bbox 941 894 1034 928; x_wconf 84' lang='lat' dir='ltr'><strong>lecti</strong></span> <span class='ocrx_word' id='word_1_68' title='bbox 1047 900 1164 943; x_wconf 84' lang='lat' dir='ltr'><strong>atque</strong></span> <span class='ocrx_word' id='word_1_69' title='bbox 1185 895 1373 931; x_wconf 82' lang='lat' dir='ltr'><strong>lucernas.</strong></span> 
     </span>
     <span class='ocr_line' id='line_1_11' title="bbox 916 958 1042 993; baseline 0 0"><span class='ocrx_word' id='word_1_70' title='bbox 916 958 954 993; x_wconf 92' lang='lat' dir='ltr'>X</span> <span class='ocrx_word' id='word_1_71' title='bbox 967 959 984 993; x_wconf 96' lang='grc' dir='ltr'>Ι</span> <span class='ocrx_word' id='word_1_72' title='bbox 995 958 1042 993; x_wconf 90' lang='lat' dir='ltr'><strong>V.</strong></span> 
     </span>
     <span class='ocr_line' id='line_1_12' title="bbox 357 1020 1505 1070; baseline 0.003 -14"><span class='ocrx_word' id='word_1_73' title='bbox 357 1022 393 1056; x_wconf 86' lang='lat' dir='ltr'><em>F</em></span> <span class='ocrx_word' id='word_1_74' title='bbox 392 1021 487 1056; x_wconf 81' lang='lat' dir='ltr'><strong>ervit</strong></span> <span class='ocrx_word' id='word_1_75' title='bbox 504 1032 605 1070; x_wconf 89' lang='lat' dir='ltr'><strong>aqua</strong></span> <span class='ocrx_word' id='word_1_76' title='bbox 618 1049 629 1067; x_wconf 87' lang='lat'>‚</span> <span class='ocrx_word' id='word_1_77' title='bbox 652 1028 691 1057; x_wconf 87' lang='lat' dir='ltr'><strong>et</strong></span> <span class='ocrx_word' id='word_1_78' title='bbox 691 1020 823 1069; x_wconf 82' lang='lat' dir='ltr'><strong>fervet</strong></span> <span class='ocrx_word' id='word_1_79' title='bbox 829 1049 842 1066; x_wconf 83' lang='lat'><em>‚</em></span> <span class='ocrx_word' id='word_1_80' title='bbox 855 1021 978 1069; x_wconf 78' lang='lat' dir='ltr'><strong>fervit</strong></span> <span class='ocrx_word' id='word_1_81' title='bbox 994 1035 1095 1058; x_wconf 83' lang='lat' dir='ltr'><strong>nunc</strong></span> <span class='ocrx_word' id='word_1_82' title='bbox 1107 1050 1121 1067; x_wconf 90' lang='lat'><strong><em>,</em></strong></span> <span class='ocrx_word' id='word_1_83' title='bbox 1131 1022 1265 1070; x_wconf 70' lang='lat' dir='ltr'><strong>fervet</strong></span> <span class='ocrx_word' id='word_1_84' title='bbox 1277 1023 1336 1058; x_wconf 87' lang='lat' dir='ltr'><strong>ad</strong></span> <span class='ocrx_word' id='word_1_85' title='bbox 1347 1036 1505 1061; x_wconf 85' lang='lat' dir='ltr'><strong>annum.</strong></span> 
     </span>
     <span class='ocr_line' id='line_1_13' title="bbox 929 1088 1026 1124; baseline -0.021 0"><span class='ocrx_word' id='word_1_86' title='bbox 929 1088 968 1124; x_wconf 89' lang='lat' dir='ltr'>X</span> <span class='ocrx_word' id='word_1_87' title='bbox 979 1088 1026 1122; x_wconf 89' lang='lat' dir='ltr'><strong>V.</strong></span> 
     </span>
     <span class='ocr_line' id='line_1_14' title="bbox 356 1150 1370 1201; baseline 0.002 -15"><span class='ocrx_word' id='word_1_88' title='bbox 356 1152 516 1187; x_wconf 88' lang='lat' dir='ltr'><strong>Fervere</strong></span> <span class='ocrx_word' id='word_1_89' title='bbox 532 1163 581 1187; x_wconf 90' lang='lat' dir='ltr'><strong>ne</strong></span> <span class='ocrx_word' id='word_1_90' title='bbox 600 1150 762 1201; x_wconf 88' lang='lat' dir='ltr'><strong>longum</strong></span> <span class='ocrx_word' id='word_1_91' title='bbox 778 1163 870 1188; x_wconf 77' lang='lat' dir='ltr'><strong>vero</strong></span> <span class='ocrx_word' id='word_1_92' title='bbox 888 1152 965 1188; x_wconf 88' lang='lat' dir='ltr'><strong>hoc</strong></span> <span class='ocrx_word' id='word_1_93' title='bbox 984 1150 1189 1188; x_wconf 82' lang='lat' dir='ltr'><strong>lectoribu’</strong></span> <span class='ocrx_word' id='word_1_94' title='bbox 1207 1151 1370 1189; x_wconf 84' lang='lat' dir='ltr'><strong>tradam.</strong></span> 
     </span>
     <span class='ocr_line' id='line_1_15' title="bbox 915 1217 1037 1252; baseline 0 0"><span class='ocrx_word' id='word_1_95' title='bbox 915 1217 955 1252; x_wconf 88' lang='lat' dir='ltr'><strong>X</strong></span> <span class='ocrx_word' id='word_1_96' title='bbox 962 1217 997 1251; x_wconf 90' lang='lat' dir='ltr'><strong>V</strong></span> <span class='ocrx_word' id='word_1_97' title='bbox 1007 1218 1037 1252; x_wconf 92' lang='grc' dir='ltr'><strong>Ι.</strong></span> 
     </span>
     <span class='ocr_line' id='line_1_16' title="bbox 357 1278 1433 1331; baseline 0.002 -15"><span class='ocrx_word' id='word_1_98' title='bbox 357 1280 471 1316; x_wconf 82' lang='lat' dir='ltr'><strong>Nunc</strong></span> <span class='ocrx_word' id='word_1_99' title='bbox 490 1278 572 1316; x_wconf 86' lang='lat' dir='ltr'><strong>haec</strong></span> <span class='ocrx_word' id='word_1_100' title='bbox 591 1279 688 1331; x_wconf 89' lang='lat' dir='ltr'><strong>quid</strong></span> <span class='ocrx_word' id='word_1_101' title='bbox 707 1280 852 1326; x_wconf 79' lang='lat' dir='ltr'><strong>valeat,</strong></span> <span class='ocrx_word' id='word_1_102' title='bbox 870 1279 1014 1331; x_wconf 88' lang='lat' dir='ltr'><strong>quidve</strong></span> <span class='ocrx_word' id='word_1_103' title='bbox 1033 1279 1126 1317; x_wconf 90' lang='lat' dir='ltr'><strong>huic</strong></span> <span class='ocrx_word' id='word_1_104' title='bbox 1143 1280 1317 1318; x_wconf 82' lang='lat' dir='ltr'><strong>intersiet</strong></span> <span class='ocrx_word' id='word_1_105' title='bbox 1331 1280 1433 1318; x_wconf 84' lang='lat' dir='ltr'><strong>illud</strong></span> 
     </span>
     <span class='ocr_line' id='line_1_17' title="bbox 356 1344 1487 1396; baseline 0.003 -16"><span class='ocrx_word' id='word_1_106' title='bbox 356 1345 575 1393; x_wconf 86' lang='lat' dir='ltr'><strong>Cognosces</strong></span> <span class='ocrx_word' id='word_1_107' title='bbox 594 1358 602 1380; x_wconf 94' lang='lat'>:</span> <span class='ocrx_word' id='word_1_108' title='bbox 626 1344 797 1396; x_wconf 88' lang='lat' dir='ltr'><strong>primum</strong></span> <span class='ocrx_word' id='word_1_109' title='bbox 817 1344 892 1382; x_wconf 92' lang='lat' dir='ltr'><strong>hoc</strong></span> <span class='ocrx_word' id='word_1_110' title='bbox 910 1344 1019 1395; x_wconf 89' lang='lat' dir='ltr'><strong>quod</strong></span> <span class='ocrx_word' id='word_1_111' title='bbox 1037 1344 1204 1381; x_wconf 89' lang='lat' dir='ltr'>dicimus</span> <span class='ocrx_word' id='word_1_112' title='bbox 1225 1358 1307 1382; x_wconf 90' lang='lat' dir='ltr'><strong>esse</strong></span> <span class='ocrx_word' id='word_1_113' title='bbox 1325 1349 1462 1396; x_wconf 62' lang='lat' dir='ltr'><strong>poema</strong></span> <span class='ocrx_word' id='word_1_114' title='bbox 1475 1373 1487 1392; x_wconf 90' lang='lat'>,</span> 
     </span>
     <span class='ocr_line' id='line_1_18' title="bbox 357 1409 1335 1461; baseline 0.004 -17"><span class='ocrx_word' id='word_1_115' title='bbox 357 1410 411 1445; x_wconf 94' lang='lat' dir='ltr'><strong>Cu</strong></span> <span class='ocrx_word' id='word_1_116' title='bbox 414 1409 536 1460; x_wconf 86' lang='lat' dir='ltr'><strong>jusvis</strong></span> <span class='ocrx_word' id='word_1_117' title='bbox 551 1410 688 1459; x_wconf 81' lang='lat' dir='ltr'><strong>operis</strong></span> <span class='ocrx_word' id='word_1_118' title='bbox 707 1423 793 1460; x_wconf 90' lang='lat' dir='ltr'><strong>pars</strong></span> <span class='ocrx_word' id='word_1_119' title='bbox 812 1419 870 1448; x_wconf 91' lang='lat' dir='ltr'><strong>est</strong></span> <span class='ocrx_word' id='word_1_120' title='bbox 891 1423 971 1447; x_wconf 90' lang='lat' dir='ltr'><strong>non</strong></span> <span class='ocrx_word' id='word_1_121' title='bbox 990 1424 1128 1461; x_wconf 84' lang='lat' dir='ltr'><strong>magna</strong></span> <span class='ocrx_word' id='word_1_122' title='bbox 1141 1439 1151 1456; x_wconf 89' lang='lat'>‚</span> <span class='ocrx_word' id='word_1_123' title='bbox 1173 1414 1310 1461; x_wconf 66' lang='lat' dir='ltr'><strong>poema</strong></span> <span class='ocrx_word' id='word_1_124' title='bbox 1323 1439 1335 1457; x_wconf 84' lang='lat'>‚</span> 
     </span>
     <span class='ocr_line' id='line_1_19' title="bbox 355 1475 1455 1526; baseline 0.003 -16"><span class='ocrx_word' id='word_1_125' title='bbox 355 1475 446 1510; x_wconf 89' lang='lat' dir='ltr'><strong>Pars</strong></span> <span class='ocrx_word' id='word_1_126' title='bbox 465 1482 524 1510; x_wconf 88' lang='lat' dir='ltr'><strong>est</strong></span> <span class='ocrx_word' id='word_1_127' title='bbox 543 1487 658 1524; x_wconf 78' lang='lat' dir='ltr'><strong>parva</strong></span> <span class='ocrx_word' id='word_1_128' title='bbox 678 1478 816 1525; x_wconf 72' lang='lat' dir='ltr'><strong>pot&#39;ima</strong></span> <span class='ocrx_word' id='word_1_129' title='bbox 828 1503 838 1520; x_wconf 87' lang='lat'>,</span> <span class='ocrx_word' id='word_1_130' title='bbox 860 1475 1024 1525; x_wconf 88' lang='lat' dir='ltr'><strong>proinde</strong></span> <span class='ocrx_word' id='word_1_131' title='bbox 1043 1483 1087 1511; x_wconf 91' lang='lat' dir='ltr'><strong>ut</strong></span> <span class='ocrx_word' id='word_1_132' title='bbox 1107 1475 1270 1525; x_wconf 84' lang='lat' dir='ltr'><strong>epistola</strong></span> <span class='ocrx_word' id='word_1_133' title='bbox 1286 1475 1455 1526; x_wconf 87' lang='lat' dir='ltr'><strong>quaevis:</strong></span> 
     </span>
     <span class='ocr_line' id='line_1_20' title="bbox 352 1536 1243 1588; baseline 0.001 -14"><span class='ocrx_word' id='word_1_134' title='bbox 352 1537 426 1574; x_wconf 87' lang='lat' dir='ltr'><strong>Illa</strong></span> <span class='ocrx_word' id='word_1_135' title='bbox 445 1536 572 1587; x_wconf 64' lang='lat' dir='ltr'><strong>poesis</strong></span> <span class='ocrx_word' id='word_1_136' title='bbox 590 1551 690 1588; x_wconf 91' lang='lat' dir='ltr'><strong>opus</strong></span> <span class='ocrx_word' id='word_1_137' title='bbox 710 1546 835 1575; x_wconf 87' lang='lat' dir='ltr'><strong>totum</strong></span> <span class='ocrx_word' id='word_1_138' title='bbox 850 1566 860 1584; x_wconf 89' lang='lat'>,</span> <span class='ocrx_word' id='word_1_139' title='bbox 879 1547 924 1575; x_wconf 90' lang='lat' dir='ltr'><strong>ut</strong></span> <span class='ocrx_word' id='word_1_140' title='bbox 942 1546 1021 1575; x_wconf 90' lang='lat' dir='ltr'><strong>tota</strong></span> <span class='ocrx_word' id='word_1_141' title='bbox 1036 1538 1125 1575; x_wconf 80' lang='lat' dir='ltr'><strong>Ilias</strong></span> <span class='ocrx_word' id='word_1_142' title='bbox 1137 1567 1147 1584; x_wconf 91' lang='lat'>‚</span> <span class='ocrx_word' id='word_1_143' title='bbox 1166 1552 1243 1575; x_wconf 90' lang='lat' dir='ltr'><strong>una</strong></span> 
     </span>
     <span class='ocr_line' id='line_1_21' title="bbox 354 1603 1494 1654; baseline 0.002 -16"><span class='ocrx_word' id='word_1_144' title='bbox 354 1603 422 1639; x_wconf 90' lang='lat' dir='ltr'><strong>Est</strong></span> <span class='ocrx_word' id='word_1_145' title='bbox 437 1603 522 1642; x_wconf 77' lang='grc' dir='ltr'>θέσις</span> <span class='ocrx_word' id='word_1_146' title='bbox 533 1626 541 1638; x_wconf 85' lang='lat'>‚</span> <span class='ocrx_word' id='word_1_147' title='bbox 563 1603 811 1654; x_wconf 86' lang='lat' dir='ltr'><strong>Annalesque</strong></span> <span class='ocrx_word' id='word_1_148' title='bbox 827 1604 952 1649; x_wconf 79' lang='lat' dir='ltr'><strong>Enni,</strong></span> <span class='ocrx_word' id='word_1_149' title='bbox 969 1610 1087 1653; x_wconf 86' lang='lat' dir='ltr'><strong>atque</strong></span> <span class='ocrx_word' id='word_1_150' title='bbox 1109 1603 1206 1640; x_wconf 87' lang='lat' dir='ltr'><strong>istoc</strong></span> <span class='ocrx_word' id='word_1_151' title='bbox 1226 1616 1327 1653; x_wconf 90' lang='lat' dir='ltr'><strong>opus</strong></span> <span class='ocrx_word' id='word_1_152' title='bbox 1345 1617 1470 1654; x_wconf 80' lang='lat' dir='ltr'><strong>uuum</strong></span> <span class='ocrx_word' id='word_1_153' title='bbox 1484 1632 1494 1650; x_wconf 90' lang='lat'>‚</span> 
     </span>
     <span class='ocr_line' id='line_1_22' title="bbox 354 1665 1364 1718; baseline 0.001 -15"><span class='ocrx_word' id='word_1_154' title='bbox 354 1668 421 1703; x_wconf 90' lang='lat' dir='ltr'><strong>Est</strong></span> <span class='ocrx_word' id='word_1_155' title='bbox 439 1667 564 1715; x_wconf 85' lang='lat' dir='ltr'><strong>majus</strong></span> <span class='ocrx_word' id='word_1_156' title='bbox 583 1666 732 1713; x_wconf 87' lang='lat' dir='ltr'><strong>multo,</strong></span> <span class='ocrx_word' id='word_1_157' title='bbox 749 1665 868 1718; x_wconf 55' lang='lat' dir='ltr'><strong>quum</strong></span> <span class='ocrx_word' id='word_1_158' title='bbox 887 1667 994 1718; x_wconf 91' lang='lat' dir='ltr'><strong>quod</strong></span> <span class='ocrx_word' id='word_1_159' title='bbox 1013 1667 1095 1704; x_wconf 84' lang='lat' dir='ltr'>dixi</span> <span class='ocrx_word' id='word_1_160' title='bbox 1109 1675 1197 1704; x_wconf 86' lang='lat' dir='ltr'><strong>ante</strong></span> <span class='ocrx_word' id='word_1_161' title='bbox 1214 1670 1364 1718; x_wconf 78' lang='lat' dir='ltr'><strong>poe&#39;ma.</strong></span> 
     </span>
     <span class='ocr_line' id='line_1_23' title="bbox 352 1731 1347 1782; baseline 0.002 -15"><span class='ocrx_word' id='word_1_162' title='bbox 352 1734 602 1781; x_wconf 88' lang='lat' dir='ltr'><strong>Quapropter</strong></span> <span class='ocrx_word' id='word_1_163' title='bbox 622 1731 733 1769; x_wconf 86' lang='lat' dir='ltr'><strong>dico:</strong></span> <span class='ocrx_word' id='word_1_164' title='bbox 752 1745 870 1769; x_wconf 90' lang='lat' dir='ltr'><strong>nemo</strong></span> <span class='ocrx_word' id='word_1_165' title='bbox 890 1732 959 1782; x_wconf 91' lang='lat' dir='ltr'><strong>qui</strong></span> <span class='ocrx_word' id='word_1_166' title='bbox 977 1731 1120 1782; x_wconf 76' lang='lat' dir='ltr'><strong>culpat</strong></span> <span class='ocrx_word' id='word_1_167' title='bbox 1128 1734 1347 1769; x_wconf 83' lang='lat' dir='ltr'><strong>Homerum</strong></span> 
     </span>
     <span class='ocr_line' id='line_1_24' title="bbox 351 1796 1378 1847; baseline 0.001 -15"><span class='ocrx_word' id='word_1_168' title='bbox 351 1798 543 1845; x_wconf 88' lang='lat' dir='ltr'><strong>Perpetuo</strong></span> <span class='ocrx_word' id='word_1_169' title='bbox 563 1796 697 1847; x_wconf 89' lang='lat' dir='ltr'><strong>culpat</strong></span> <span class='ocrx_word' id='word_1_170' title='bbox 709 1825 719 1842; x_wconf 88' lang='lat'>‚</span> <span class='ocrx_word' id='word_1_171' title='bbox 738 1808 866 1847; x_wconf 89' lang='lat' dir='ltr'><strong>neque</strong></span> <span class='ocrx_word' id='word_1_172' title='bbox 878 1827 889 1843; x_wconf 81' lang='lat'>‚</span> <span class='ocrx_word' id='word_1_173' title='bbox 906 1796 1015 1847; x_wconf 88' lang='lat' dir='ltr'><strong>quod</strong></span> <span class='ocrx_word' id='word_1_174' title='bbox 1036 1796 1117 1833; x_wconf 78' lang='lat' dir='ltr'><strong>dixi</strong></span> <span class='ocrx_word' id='word_1_175' title='bbox 1135 1804 1222 1833; x_wconf 86' lang='lat' dir='ltr'><strong>ante</strong></span> <span class='ocrx_word' id='word_1_176' title='bbox 1241 1796 1378 1847; x_wconf 66' lang='lat' dir='ltr'><strong>poesin</strong></span> 
     </span>
     <span class='ocr_line' id='line_1_25' title="bbox 352 1861 1507 1913; baseline 0.002 -17"><span class='ocrx_word' id='word_1_177' title='bbox 352 1862 520 1897; x_wconf 89' lang='lat' dir='ltr'><strong>Versum</strong></span> <span class='ocrx_word' id='word_1_178' title='bbox 539 1874 666 1898; x_wconf 91' lang='lat' dir='ltr'><strong>unum</strong></span> <span class='ocrx_word' id='word_1_179' title='bbox 685 1861 819 1912; x_wconf 87' lang='lat' dir='ltr'><strong>culpat</strong></span> <span class='ocrx_word' id='word_1_180' title='bbox 831 1890 841 1908; x_wconf 84' lang='lat'><strong><em>‚</em></strong></span> <span class='ocrx_word' id='word_1_181' title='bbox 859 1875 998 1898; x_wconf 85' lang='lat' dir='ltr'><strong>verum</strong></span> <span class='ocrx_word' id='word_1_182' title='bbox 1014 1861 1263 1912; x_wconf 87' lang='lat' dir='ltr'><strong>enthymema</strong></span> <span class='ocrx_word' id='word_1_183' title='bbox 1279 1861 1507 1913; x_wconf 85' lang='lat' dir='ltr'><strong>malignum.</strong></span> 
     </span>
     <span class='ocr_line' id='line_1_26' title="bbox 900 1928 1057 1964; baseline -0.013 0"><span class='ocrx_word' id='word_1_184' title='bbox 900 1928 939 1964; x_wconf 87' lang='lat' dir='ltr'>X</span> <span class='ocrx_word' id='word_1_185' title='bbox 949 1929 981 1962; x_wconf 93' lang='lat' dir='ltr'>V</span> <span class='ocrx_word' id='word_1_186' title='bbox 994 1928 1013 1962; x_wconf 93' lang='grc' dir='ltr'><strong>Ι</strong></span> <span class='ocrx_word' id='word_1_187' title='bbox 1025 1928 1057 1962; x_wconf 90' lang='grc' dir='ltr'><strong>Ι.</strong></span> 
     </span>
     <span class='ocr_line' id='line_1_27' title="bbox 352 1988 1441 2042; baseline 0.004 -17"><span class='ocrx_word' id='word_1_188' title='bbox 352 1989 470 2036; x_wconf 76' lang='lat' dir='ltr'><strong>Quod</strong></span> <span class='ocrx_word' id='word_1_189' title='bbox 488 1988 666 2026; x_wconf 88' lang='lat' dir='ltr'><strong>deformi’</strong></span> <span class='ocrx_word' id='word_1_190' title='bbox 684 2002 800 2027; x_wconf 86' lang='lat' dir='ltr'><strong>senex</strong></span> <span class='ocrx_word' id='word_1_191' title='bbox 811 2018 822 2036; x_wconf 92' lang='lat'>‚</span> <span class='ocrx_word' id='word_1_192' title='bbox 838 2004 881 2027; x_wconf 87' lang='lat' dir='ltr'><strong>ac</strong></span> <span class='ocrx_word' id='word_1_193' title='bbox 898 1990 1077 2041; x_wconf 83' lang='lat' dir='ltr'><strong>paedidus</strong></span> <span class='ocrx_word' id='word_1_194' title='bbox 1088 2019 1098 2036; x_wconf 93' lang='lat'>,</span> <span class='ocrx_word' id='word_1_195' title='bbox 1115 2004 1160 2028; x_wconf 90' lang='lat' dir='ltr'><strong>ac</strong></span> <span class='ocrx_word' id='word_1_196' title='bbox 1179 1990 1441 2042; x_wconf 78' lang='lat' dir='ltr'><strong>podagrosu53</strong></span> 
     </span>
    </p>
   </div>
   <div class='ocr_carea' id='block_1_3' title="bbox 295 2113 1655 2155">
    <p class='ocr_par' dir='ltr' id='par_1_3' title="bbox 295 2113 1655 2155">
     <span class='ocr_line' id='line_1_28' title="bbox 295 2113 1655 2155; baseline 0.001 -10"><span class='ocrx_word' id='word_1_197' title='bbox 295 2114 481 2146; x_wconf 85' lang='lat' dir='ltr'><strong>Profectum</strong></span> <span class='ocrx_word' id='word_1_198' title='bbox 498 2124 517 2144; x_wconf 85' lang='lat' dir='ltr'>a</span> <span class='ocrx_word' id='word_1_199' title='bbox 529 2113 630 2145; x_wconf 79' lang='lat' dir='ltr'><strong>verbo</strong></span> <span class='ocrx_word' id='word_1_200' title='bbox 647 2114 755 2144; x_wconf 84' lang='lat' dir='ltr'><em>ambio</em></span> <span class='ocrx_word' id='word_1_201' title='bbox 765 2137 776 2151; x_wconf 90' lang='lat'><em>,</em></span> <span class='ocrx_word' id='word_1_202' title='bbox 793 2115 884 2155; x_wconf 88' lang='lat' dir='ltr'><strong>quod</strong></span> <span class='ocrx_word' id='word_1_203' title='bbox 898 2122 948 2145; x_wconf 87' lang='lat' dir='ltr'><strong>est</strong></span> <span class='ocrx_word' id='word_1_204' title='bbox 1000 2126 1116 2147; x_wconf 82' lang='lat' dir='ltr'><strong>ausus:</strong></span> <span class='ocrx_word' id='word_1_205' title='bbox 1131 2123 1305 2147; x_wconf 83' lang='lat' dir='ltr'><strong>auctorum</strong></span> <span class='ocrx_word' id='word_1_206' title='bbox 1323 2116 1412 2147; x_wconf 85' lang='lat' dir='ltr'><strong>enim</strong></span> <span class='ocrx_word' id='word_1_207' title='bbox 1426 2123 1577 2147; x_wconf 81' lang='lat' dir='ltr'><strong>veterum</strong></span> <span class='ocrx_word' id='word_1_208' title='bbox 1594 2127 1655 2148; x_wconf 74' lang='lat' dir='ltr'><strong>au-</strong></span> 
     </span>
    </p>
   </div>
   <div class='ocr_carea' id='block_1_4' title="bbox 295 2167 1693 2372">
    <p class='ocr_par' dir='ltr' id='par_1_4' title="bbox 297 2167 1693 2264">
     <span class='ocr_line' id='line_1_29' title="bbox 297 2167 1693 2213; baseline 0.001 -13"><span class='ocrx_word' id='word_1_209' title='bbox 297 2169 334 2200; x_wconf 83' lang='lat' dir='ltr'><strong>in</strong></span> <span class='ocrx_word' id='word_1_210' title='bbox 346 2168 471 2199; x_wconf 83' lang='lat' dir='ltr'><strong>ambitu</strong></span> <span class='ocrx_word' id='word_1_211' title='bbox 483 2175 516 2199; x_wconf 83' lang='lat' dir='ltr'><strong>et</strong></span> <span class='ocrx_word' id='word_1_212' title='bbox 528 2167 704 2199; x_wconf 76' lang='lat' dir='ltr'><strong>ambitioso.</strong></span> <span class='ocrx_word' id='word_1_213' title='bbox 1001 2170 1126 2202; x_wconf 85' lang='lat' dir='ltr'><strong>daciam</strong></span> <span class='ocrx_word' id='word_1_214' title='bbox 1154 2178 1286 2201; x_wconf 81' lang='lat' dir='ltr'><strong>secutus</strong></span> <span class='ocrx_word' id='word_1_215' title='bbox 1315 2177 1371 2201; x_wconf 82' lang='lat' dir='ltr'><strong>est.</strong></span> <span class='ocrx_word' id='word_1_216' title='bbox 1395 2170 1585 2212; x_wconf 81' lang='lat' dir='ltr'><strong>Dependent</strong></span> <span class='ocrx_word' id='word_1_217' title='bbox 1606 2171 1655 2209; x_wconf 74' lang='grc' dir='ltr'><strong>ζγ-</strong></span> <span class='ocrx_word' id='word_1_218' title='bbox 1687 2207 1693 2213; x_wconf 39' lang='grc' dir='ltr'>Ι</span> 
     </span>
     <span class='ocr_line' id='line_1_30' title="bbox 349 2221 1440 2264; baseline 0 -11"><span class='ocrx_word' id='word_1_219' title='bbox 349 2235 402 2254; x_wconf 87' lang='lat'><strong>11.</strong></span> <span class='ocrx_word' id='word_1_220' title='bbox 425 2223 573 2261; x_wconf 76' lang='lat' dir='ltr'><strong>Servius,</strong></span> <span class='ocrx_word' id='word_1_221' title='bbox 590 2223 627 2253; x_wconf 89' lang='lat' dir='ltr'><strong>iu</strong></span> <span class='ocrx_word' id='word_1_222' title='bbox 649 2224 699 2253; x_wconf 86' lang='lat' dir='ltr'><strong>IV</strong></span> <span class='ocrx_word' id='word_1_223' title='bbox 718 2223 839 2264; x_wconf 82' lang='lat' dir='ltr'><strong>Georg.</strong></span> <span class='ocrx_word' id='word_1_224' title='bbox 853 2222 946 2263; x_wconf 84' lang='lat' dir='ltr'><strong>Virg.</strong></span> <span class='ocrx_word' id='word_1_225' title='bbox 1001 2221 1080 2252; x_wconf 81' lang='lat' dir='ltr'><strong>elmi</strong></span> <span class='ocrx_word' id='word_1_226' title='bbox 1097 2222 1307 2263; x_wconf 82' lang='lat' dir='ltr'><strong>laquearibus</strong></span> <span class='ocrx_word' id='word_1_227' title='bbox 1323 2222 1440 2253; x_wconf 80' lang='lat' dir='ltr'><strong>aureis.</strong></span> 
     </span>
    </p>

    <p class='ocr_par' dir='ltr' id='par_1_5' title="bbox 296 2275 1604 2319">
     <span class='ocr_line' id='line_1_31' title="bbox 296 2275 1604 2319; baseline -0.003 -11"><span class='ocrx_word' id='word_1_228' title='bbox 296 2279 387 2308; x_wconf 76' lang='lat' dir='ltr'><strong>Iners</strong></span> <span class='ocrx_word' id='word_1_229' title='bbox 399 2277 538 2319; x_wconf 85' lang='lat' dir='ltr'><strong>ponitur</strong></span> <span class='ocrx_word' id='word_1_230' title='bbox 552 2283 584 2308; x_wconf 86' lang='lat' dir='ltr'><strong>et</strong></span> <span class='ocrx_word' id='word_1_231' title='bbox 595 2287 657 2318; x_wconf 86' lang='lat' dir='ltr'><strong>pro</strong></span> <span class='ocrx_word' id='word_1_232' title='bbox 672 2287 713 2307; x_wconf 83' lang='lat' dir='ltr'><strong>eo</strong></span> <span class='ocrx_word' id='word_1_233' title='bbox 727 2277 785 2318; x_wconf 90' lang='lat' dir='ltr'><strong>qui</strong></span> <span class='ocrx_word' id='word_1_234' title='bbox 797 2277 867 2307; x_wconf 81' lang='lat' dir='ltr'><strong>sine</strong></span> <span class='ocrx_word' id='word_1_235' title='bbox 880 2282 947 2307; x_wconf 81' lang='lat' dir='ltr'><strong>arte</strong></span> <span class='ocrx_word' id='word_1_236' title='bbox 1053 2286 1066 2304; x_wconf 95' lang='lat'>1</span> <span class='ocrx_word' id='word_1_237' title='bbox 1075 2280 1104 2311; x_wconf 78' lang='grc'><strong>4.</strong></span> <span class='ocrx_word' id='word_1_238' title='bbox 1121 2275 1347 2314; x_wconf 77' lang='lat' dir='ltr'><strong>Quintilianus</strong></span> <span class='ocrx_word' id='word_1_239' title='bbox 1357 2299 1366 2313; x_wconf 91' lang='lat'>‚</span> <span class='ocrx_word' id='word_1_240' title='bbox 1381 2275 1440 2305; x_wconf 83' lang='lat' dir='ltr'><strong>lib.</strong></span> <span class='ocrx_word' id='word_1_241' title='bbox 1459 2286 1533 2316; x_wconf 81' lang='lat' dir='ltr'><strong>cap.</strong></span> <span class='ocrx_word' id='word_1_242' title='bbox 1553 2284 1604 2305; x_wconf 88' lang='lat'><strong>10.</strong></span> 
     </span>
    </p>

    <p class='ocr_par' dir='ltr' id='par_1_6' title="bbox 295 2328 1652 2372">
     <span class='ocr_line' id='line_1_32' title="bbox 295 2328 1652 2372; baseline -0.002 -10"><span class='ocrx_word' id='word_1_243' title='bbox 295 2331 346 2362; x_wconf 72' lang='lat' dir='ltr'><strong>sit.</strong></span> <span class='ocrx_word' id='word_1_244' title='bbox 361 2331 483 2362; x_wconf 84' lang='lat' dir='ltr'><strong>Junius</strong></span> <span class='ocrx_word' id='word_1_245' title='bbox 497 2330 681 2372; x_wconf 75' lang='lat' dir='ltr'><strong>Philargyr.</strong></span> <span class='ocrx_word' id='word_1_246' title='bbox 695 2329 829 2360; x_wconf 82' lang='lat' dir='ltr'><strong>ibidem.</strong></span> <span class='ocrx_word' id='word_1_247' title='bbox 1052 2329 1103 2359; x_wconf 82' lang='lat'><strong>15.</strong></span> <span class='ocrx_word' id='word_1_248' title='bbox 1138 2329 1267 2359; x_wconf 81' lang='lat' dir='ltr'><strong>Nonius</strong></span> <span class='ocrx_word' id='word_1_249' title='bbox 1283 2340 1291 2359; x_wconf 93' lang='lat'><strong>:</strong></span> <span class='ocrx_word' id='word_1_250' title='bbox 1318 2328 1369 2360; x_wconf 75' lang='lat' dir='ltr'><strong>Ab</strong></span> <span class='ocrx_word' id='word_1_251' title='bbox 1403 2339 1443 2358; x_wconf 87' lang='lat' dir='ltr'><strong>eo</strong></span> <span class='ocrx_word' id='word_1_252' title='bbox 1479 2328 1570 2370; x_wconf 89' lang='lat' dir='ltr'><strong>quod</strong></span> <span class='ocrx_word' id='word_1_253' title='bbox 1603 2334 1652 2359; x_wconf 84' lang='lat' dir='ltr'><strong>est</strong></span> 
     </span>
    </p>
   </div>
   <div class='ocr_carea' id='block_1_5' title="bbox 294 2380 1651 2483">
    <p class='ocr_par' dir='ltr' id='par_1_7' title="bbox 294 2380 1651 2483">
     <span class='ocr_line' id='line_1_33' title="bbox 348 2380 1651 2424; baseline -0.002 -10"><span class='ocrx_word' id='word_1_254' title='bbox 348 2396 361 2414; x_wconf 80' lang='grc' dir='ltr'><strong>ι</strong></span> <span class='ocrx_word' id='word_1_255' title='bbox 370 2395 404 2415; x_wconf 81' lang='lat'><strong>2.</strong></span> <span class='ocrx_word' id='word_1_256' title='bbox 416 2384 584 2416; x_wconf 82' lang='lat' dir='ltr'><strong>Charisius</strong></span> <span class='ocrx_word' id='word_1_257' title='bbox 595 2406 604 2421; x_wconf 90' lang='lat'>‚</span> <span class='ocrx_word' id='word_1_258' title='bbox 619 2382 677 2414; x_wconf 85' lang='lat' dir='ltr'><strong>lib.</strong></span> <span class='ocrx_word' id='word_1_259' title='bbox 698 2384 731 2413; x_wconf 89' lang='lat'><strong>1:</strong></span> <span class='ocrx_word' id='word_1_260' title='bbox 746 2383 837 2413; x_wconf 83' lang='lat' dir='ltr'><strong>Intro</strong></span> <span class='ocrx_word' id='word_1_261' title='bbox 851 2389 898 2413; x_wconf 82' lang='lat' dir='ltr'><strong>est</strong></span> <span class='ocrx_word' id='word_1_262' title='bbox 912 2382 948 2412; x_wconf 84' lang='lat' dir='ltr'><strong>in</strong></span> <span class='ocrx_word' id='word_1_263' title='bbox 991 2380 1113 2424; x_wconf 62' lang='lat' dir='ltr'><strong>servit,</strong></span> <span class='ocrx_word' id='word_1_264' title='bbox 1127 2381 1276 2413; x_wconf 80' lang='lat' dir='ltr'><strong>breviato</strong></span> <span class='ocrx_word' id='word_1_265' title='bbox 1295 2388 1435 2412; x_wconf 82' lang='lat' dir='ltr'><strong>accentu</strong></span> <span class='ocrx_word' id='word_1_266' title='bbox 1445 2403 1454 2420; x_wconf 92' lang='lat'><strong><em>‚</em></strong></span> <span class='ocrx_word' id='word_1_267' title='bbox 1460 2380 1592 2423; x_wconf 81' lang='lat' dir='ltr'><strong>fervere</strong></span> <span class='ocrx_word' id='word_1_268' title='bbox 1603 2382 1651 2412; x_wconf 80' lang='lat' dir='ltr'><strong>fa-</strong></span> 
     </span>
     <span class='ocr_line' id='line_1_34' title="bbox 294 2435 1057 2483; baseline -0.004 -15"><span class='ocrx_word' id='word_1_269' title='bbox 294 2439 406 2469; x_wconf 89' lang='lat' dir='ltr'><strong>locum</strong></span> <span class='ocrx_word' id='word_1_270' title='bbox 424 2460 433 2476; x_wconf 92' lang='lat'>‚</span> <span class='ocrx_word' id='word_1_271' title='bbox 458 2437 543 2468; x_wconf 76' lang='lat' dir='ltr'><strong>intus</strong></span> <span class='ocrx_word' id='word_1_272' title='bbox 567 2437 604 2483; x_wconf 72' lang='lat' dir='ltr'><strong>iu</strong></span> <span class='ocrx_word' id='word_1_273' title='bbox 625 2437 701 2467; x_wconf 92' lang='lat' dir='ltr'><strong>loco</strong></span> <span class='ocrx_word' id='word_1_274' title='bbox 723 2435 864 2467; x_wconf 76' lang='lat' dir='ltr'><strong>dicimus</strong></span> <span class='ocrx_word' id='word_1_275' title='bbox 882 2446 889 2466; x_wconf 89' lang='lat'>:</span> <span class='ocrx_word' id='word_1_276' title='bbox 911 2441 949 2466; x_wconf 89' lang='lat' dir='ltr'><strong>ut</strong></span> <span class='ocrx_word' id='word_1_277' title='bbox 1001 2435 1057 2466; x_wconf 66' lang='lat' dir='ltr'><strong>cit.</strong></span> 
     </span>
    </p>
   </div>
   <div class='ocr_carea' id='block_1_6' title="bbox 293 2486 1652 2746">
    <p class='ocr_par' dir='ltr' id='par_1_8' title="bbox 295 2486 1647 2532">
     <span class='ocr_line' id='line_1_35' title="bbox 295 2486 1647 2532; baseline -0.001 -11"><span class='ocrx_word' id='word_1_278' title='bbox 295 2491 392 2521; x_wconf 81' lang='lat' dir='ltr'><strong>etiam</strong></span> <span class='ocrx_word' id='word_1_279' title='bbox 415 2490 504 2532; x_wconf 83' lang='lat' dir='ltr'><strong>apud</strong></span> <span class='ocrx_word' id='word_1_280' title='bbox 519 2491 650 2522; x_wconf 83' lang='lat' dir='ltr'><strong>Graecos</strong></span> <span class='ocrx_word' id='word_1_281' title='bbox 669 2490 733 2522; x_wconf 85' lang='grc' dir='ltr'><strong>ἔσω</strong></span> <span class='ocrx_word' id='word_1_282' title='bbox 749 2513 760 2530; x_wconf 90' lang='grc'>,</span> <span class='ocrx_word' id='word_1_283' title='bbox 777 2488 854 2522; x_wconf 83' lang='grc' dir='ltr'><strong>εἴσω</strong></span> <span class='ocrx_word' id='word_1_284' title='bbox 864 2513 873 2526; x_wconf 91' lang='grc'>,</span> <span class='ocrx_word' id='word_1_285' title='bbox 894 2486 950 2522; x_wconf 74' lang='grc' dir='ltr'><strong>καὶ</strong></span> <span class='ocrx_word' id='word_1_286' title='bbox 1053 2488 1104 2518; x_wconf 79' lang='lat'><strong>16·</strong></span> <span class='ocrx_word' id='word_1_287' title='bbox 1117 2487 1266 2519; x_wconf 75' lang='lat' dir='ltr'><strong>Nouius-⁶</strong></span> <span class='ocrx_word' id='word_1_288' title='bbox 1279 2486 1384 2518; x_wconf 67' lang='lat' dir='ltr'><strong>PoEsis</strong></span> <span class='ocrx_word' id='word_1_289' title='bbox 1393 2494 1426 2517; x_wconf 86' lang='lat' dir='ltr'><strong>et</strong></span> <span class='ocrx_word' id='word_1_290' title='bbox 1429 2488 1549 2529; x_wconf 57' lang='lat' dir='ltr'><strong>poema</strong></span> <span class='ocrx_word' id='word_1_291' title='bbox 1558 2486 1647 2518; x_wconf 82' lang='lat' dir='ltr'><strong>hanc</strong></span> 
     </span>
    </p>

    <p class='ocr_par' dir='ltr' id='par_1_9' title="bbox 296 2540 1652 2584">
     <span class='ocr_line' id='line_1_36' title="bbox 296 2540 1652 2584; baseline -0.004 -9"><span class='ocrx_word' id='word_1_292' title='bbox 296 2540 408 2584; x_wconf 50' lang='lat'><strong>&amp;8023</strong></span> <span class='ocrx_word' id='word_1_293' title='bbox 424 2543 566 2584; x_wconf 79' lang='lat' dir='ltr'><strong>ideoque</strong></span> <span class='ocrx_word' id='word_1_294' title='bbox 591 2543 738 2573; x_wconf 87' lang='lat' dir='ltr'><strong>Lucilius</strong></span> <span class='ocrx_word' id='word_1_295' title='bbox 764 2543 811 2573; x_wconf 83' lang='lat' dir='ltr'><strong>ait</strong></span> <span class='ocrx_word' id='word_1_296' title='bbox 829 2553 837 2572; x_wconf 69' lang='grc' dir='ltr'><strong>ε</strong></span> <span class='ocrx_word' id='word_1_297' title='bbox 863 2541 949 2572; x_wconf 88' lang='lat' dir='ltr'><strong>Nam</strong></span> <span class='ocrx_word' id='word_1_298' title='bbox 1000 2541 1125 2572; x_wconf 83' lang='lat' dir='ltr'><strong>habent</strong></span> <span class='ocrx_word' id='word_1_299' title='bbox 1138 2540 1332 2571; x_wconf 72' lang='lat' dir='ltr'><strong>distantiam.</strong></span> <span class='ocrx_word' id='word_1_300' title='bbox 1351 2540 1457 2571; x_wconf 56' lang='lat' dir='ltr'><strong>Possis</strong></span> <span class='ocrx_word' id='word_1_301' title='bbox 1476 2546 1523 2571; x_wconf 81' lang='lat' dir='ltr'><strong>est</strong></span> <span class='ocrx_word' id='word_1_302' title='bbox 1540 2546 1652 2571; x_wconf 75' lang='lat' dir='ltr'><strong>textus</strong></span> 
     </span>
    </p>

    <p class='ocr_par' dir='ltr' id='par_1_10' title="bbox 293 2594 1647 2692">
     <span class='ocr_line' id='line_1_37' title="bbox 293 2594 1647 2638; baseline -0.001 -12"><span class='ocrx_word' id='word_1_303' title='bbox 293 2598 388 2627; x_wconf 82' lang='lat' dir='ltr'><strong>velut</strong></span> <span class='ocrx_word' id='word_1_304' title='bbox 399 2597 484 2628; x_wconf 82' lang='lat' dir='ltr'><strong>intro</strong></span> <span class='ocrx_word' id='word_1_305' title='bbox 499 2597 594 2628; x_wconf 82' lang='lat' dir='ltr'><strong>aliud</strong></span> <span class='ocrx_word' id='word_1_306' title='bbox 603 2621 614 2634; x_wconf 94' lang='lat'><em>‚</em></span> <span class='ocrx_word' id='word_1_307' title='bbox 630 2605 688 2627; x_wconf 86' lang='lat' dir='ltr'><strong>etc.</strong></span> <span class='ocrx_word' id='word_1_308' title='bbox 1002 2596 1197 2638; x_wconf 81' lang='lat' dir='ltr'><strong>scriptorum</strong></span> <span class='ocrx_word' id='word_1_309' title='bbox 1207 2606 1216 2634; x_wconf 91' lang='lat'>;</span> <span class='ocrx_word' id='word_1_310' title='bbox 1222 2595 1357 2636; x_wconf 56' lang='lat' dir='ltr'><strong>poema,</strong></span> <span class='ocrx_word' id='word_1_311' title='bbox 1369 2594 1516 2625; x_wconf 76' lang='lat' dir='ltr'><strong>inventio</strong></span> <span class='ocrx_word' id='word_1_312' title='bbox 1527 2604 1627 2636; x_wconf 79' lang='lat' dir='ltr'><strong>parva</strong></span> <span class='ocrx_word' id='word_1_313' title='bbox 1635 2615 1647 2632; x_wconf 88' lang='lat'><strong>,</strong></span> 
     </span>
     <span class='ocr_line' id='line_1_38' title="bbox 347 2648 1510 2692; baseline -0.001 -13"><span class='ocrx_word' id='word_1_314' title='bbox 347 2661 359 2679; x_wconf 86' lang='lat'>1</span> <span class='ocrx_word' id='word_1_315' title='bbox 369 2651 399 2680; x_wconf 85' lang='lat'><strong>3.</strong></span> <span class='ocrx_word' id='word_1_316' title='bbox 418 2651 606 2682; x_wconf 84' lang='lat' dir='ltr'><strong>Macrobius</strong></span> <span class='ocrx_word' id='word_1_317' title='bbox 615 2674 624 2689; x_wconf 92' lang='lat'>‚</span> <span class='ocrx_word' id='word_1_318' title='bbox 644 2653 773 2682; x_wconf 77' lang='lat' dir='ltr'><strong>Satura.</strong></span> <span class='ocrx_word' id='word_1_319' title='bbox 793 2650 853 2680; x_wconf 79' lang='lat' dir='ltr'><strong>lib.</strong></span> <span class='ocrx_word' id='word_1_320' title='bbox 872 2652 922 2681; x_wconf 88' lang='lat' dir='ltr'><strong>VI</strong></span> <span class='ocrx_word' id='word_1_321' title='bbox 933 2672 943 2687; x_wconf 93' lang='lat'>‚</span> <span class='ocrx_word' id='word_1_322' title='bbox 999 2660 1072 2692; x_wconf 85' lang='lat' dir='ltr'><strong>quae</strong></span> <span class='ocrx_word' id='word_1_323' title='bbox 1085 2649 1198 2692; x_wconf 82' lang='lat' dir='ltr'><strong>paucis</strong></span> <span class='ocrx_word' id='word_1_324' title='bbox 1209 2648 1316 2680; x_wconf 81' lang='lat' dir='ltr'><strong>verbis</strong></span> <span class='ocrx_word' id='word_1_325' title='bbox 1329 2648 1510 2691; x_wconf 85' lang='lat' dir='ltr'><strong>expeditur.</strong></span> 
     </span>
    </p>

    <p class='ocr_par' dir='ltr' id='par_1_11' title="bbox 293 2700 1644 2746">
     <span class='ocr_line' id='line_1_39' title="bbox 293 2700 1644 2746; baseline -0.001 -14"><span class='ocrx_word' id='word_1_326' title='bbox 293 2712 364 2743; x_wconf 83' lang='lat' dir='ltr'><strong>cap.</strong></span> <span class='ocrx_word' id='word_1_327' title='bbox 377 2704 441 2732; x_wconf 88' lang='lat' dir='ltr'><strong>IV:</strong></span> <span class='ocrx_word' id='word_1_328' title='bbox 454 2704 594 2735; x_wconf 78' lang='lat' dir='ltr'><strong>Inseruit</strong></span> <span class='ocrx_word' id='word_1_329' title='bbox 606 2704 700 2746; x_wconf 84' lang='lat' dir='ltr'><strong>operi</strong></span> <span class='ocrx_word' id='word_1_330' title='bbox 713 2715 773 2735; x_wconf 85' lang='lat' dir='ltr'><strong>suo</strong></span> <span class='ocrx_word' id='word_1_331' title='bbox 786 2703 945 2746; x_wconf 82' lang='lat' dir='ltr'><strong>Virgilius</strong></span> <span class='ocrx_word' id='word_1_332' title='bbox 1048 2714 1061 2733; x_wconf 82' lang='grc' dir='ltr'><strong><em>ι</em></strong></span> <span class='ocrx_word' id='word_1_333' title='bbox 1070 2713 1100 2742; x_wconf 89' lang='lat'><strong>7.</strong></span> <span class='ocrx_word' id='word_1_334' title='bbox 1127 2702 1256 2733; x_wconf 84' lang='lat' dir='ltr'><strong>Nonius</strong></span> <span class='ocrx_word' id='word_1_335' title='bbox 1278 2711 1285 2732; x_wconf 73' lang='grc' dir='ltr'><strong><em>ε</em></strong></span> <span class='ocrx_word' id='word_1_336' title='bbox 1314 2700 1458 2733; x_wconf 74' lang='lat' dir='ltr'><strong>Ramices</strong></span> <span class='ocrx_word' id='word_1_337' title='bbox 1485 2701 1644 2733; x_wconf 77' lang='lat' dir='ltr'><strong>dicuutur</strong></span> 
     </span>
    </p>
   </div>
   <div class='ocr_carea' id='block_1_7' title="bbox 293 2754 1403 2798">
    <p class='ocr_par' dir='ltr' id='par_1_12' title="bbox 293 2754 1403 2798">
     <span class='ocr_line' id='line_1_40' title="bbox 293 2754 1403 2798; baseline 0.001 -12"><span class='ocrx_word' id='word_1_338' title='bbox 293 2762 327 2786; x_wconf 82' lang='lat' dir='ltr'><strong>et</strong></span> <span class='ocrx_word' id='word_1_339' title='bbox 341 2756 452 2787; x_wconf 86' lang='lat' dir='ltr'><strong>Graeca</strong></span> <span class='ocrx_word' id='word_1_340' title='bbox 465 2757 580 2788; x_wconf 88' lang='lat' dir='ltr'><strong>verba:</strong></span> <span class='ocrx_word' id='word_1_341' title='bbox 595 2758 651 2789; x_wconf 89' lang='lat' dir='ltr'><strong>sed</strong></span> <span class='ocrx_word' id='word_1_342' title='bbox 664 2769 734 2789; x_wconf 86' lang='lat' dir='ltr'><strong>non</strong></span> <span class='ocrx_word' id='word_1_343' title='bbox 744 2758 869 2798; x_wconf 84' lang='lat' dir='ltr'><strong>primus</strong></span> <span class='ocrx_word' id='word_1_344' title='bbox 877 2757 943 2788; x_wconf 90' lang='lat' dir='ltr'><strong>hoc</strong></span> <span class='ocrx_word' id='word_1_345' title='bbox 996 2755 1168 2792; x_wconf 74' lang='lat' dir='ltr'><strong>pulmones</strong></span> <span class='ocrx_word' id='word_1_346' title='bbox 1178 2777 1187 2792; x_wconf 91' lang='lat'>‚</span> <span class='ocrx_word' id='word_1_347' title='bbox 1202 2754 1253 2787; x_wconf 86' lang='lat' dir='ltr'><strong>vel</strong></span> <span class='ocrx_word' id='word_1_348' title='bbox 1268 2754 1403 2787; x_wconf 82' lang='lat' dir='ltr'><strong>herniae.</strong></span> 
     </span>
    </p>
   </div>
  </div>
 </body>
</html>
