1846 3184
300 322 381 365 312

552 324 601 365 C.
636 321 890 366 LUCILII
920 322 1343 383 FRAGMENTA

852 409 885 445 L
898 406 938 446 X
949 409 989 445 X
1000 410 1039 446 X
1051 410 1083 446 Ι.

348 472 433 509 Hoc
453 470 615 508 missum
634 471 750 509 facies
762 500 772 518 ‚
792 470 864 509 illo
882 476 1074 510 ffle‘utere
1093 472 1252 526 libente.
1285 500 1288 501 γ

841 539 874 573 L
885 538 923 574 x
935 538 975 574 x
989 538 1029 575 x
1040 538 1059 574 1
1072 539 1103 574 1.
1124 519 1134 534 ‘

349 598 535 639 Sublatus
553 598 683 650 pudor
701 599 844 646 omni'5·
862 599 1018 638 licentia
1031 629 1043 647 ‚
1062 600 1166 639 fenu'
1186 602 1362 640 refertur.

826 665 858 701 L
870 666 907 701 X
920 666 960 701 X
972 667 1011 703 X
1022 666 1041 702 I
1052 667 1071 702 I
1083 667 1114 703 Ι.

348 730 397 767 Et
413 727 512 767 illud
528 740 689 778 quoque
709 727 804 765 mite
822 729 994 775 malum,
1015 725 1205 767 blandum
1223 737 1340 782 atque
1354 730 1548 770 dolosum.

833 795 865 830 L
877 795 915 831 X
927 780 967 831 X
978 795 1017 831 X
1029 796 1047 830 I
1057 795 1104 830 V.

350 859 493 894 Contra
507 855 589 894 haec
606 856 809 903 invitasse,
829 865 917 895 aut
903 857 1116 908 instigasse
1134 857 1327 896 videntur.

854 924 887 959 L
899 924 938 959 X
950 924 988 959 X
1001 923 1040 959 X
1048 925 1095 960 V.

349 987 496 1024 Omnes
511 985 694 1033 formosi,
715 986 856 1032 fortes,
873 986 946 1024 tibi
964 1000 1056 1038 ergo
1076 986 1282 1037 improbus
1300 995 1395 1025 esto.

839 1053 870 1088 L
882 1053 920 1089 X
934 1053 973 1088 X
985 1053 1023 1088 X
1032 1053 1067 1087 V
1076 1053 1106 1088 I.

350 1115 420 1153 'Vir
437 1129 542 1153 mare
561 1116 721 1154 metitur
738 1129 946 1167 magnum,
966 1124 1005 1153 et
1024 1128 1063 1153 se
1083 1116 1258 1153 fluctibu’
1278 1115 1407 1154 tradit

798 1180 855 1218 L
866 1183 906 1218 X
919 1183 959 1219 X
970 1183 1011 1219 X
1020 1183 1055 1218 V
1065 1182 1083 1217 I
1095 1183 1126 1218 Ι.

353 1245 450 1292 Quis
469 1253 598 1283 totum
619 1246 693 1283 scis
711 1258 854 1297 corpus
867 1247 948 1298 jam
967 1244 1161 1297 perolesse
1181 1244 1355 1283 bisulcis.

804 1312 835 1347 L
850 1313 888 1348 X
901 1312 940 1348 X
952 1312 991 1347 X
1001 1312 1035 1347 V
1046 1312 1065 1347 Ι
1077 1312 1095 1347 I
1109 1312 1141 1350 Ι.

353 1376 401 1412 Et
419 1375 582 1412 mutoni'
602 1387 763 1413 manum
783 1375 1023 1427 perscribere
1044 1387 1158 1426 posse
1175 1382 1360 1427 tagacem.

830 1442 862 1477 L
874 1441 913 1476 X
925 1442 964 1477 X
975 1442 1014 1477 X
1027 1441 1046 1476 1
1057 1442 1109 1477 X.

352 1504 644 1554 Nonnunquam
660 1502 768 1540 dabit
783 1503 866 1554 ipsa
880 1511 970 1541 aetas
981 1532 992 1549 ‚
1012 1503 1122 1554 quod
1139 1504 1261 1556 possit
1276 1504 1469 1543 habendo.

921 1570 962 1606 X
974 1569 1016 1605 C.

355 1632 451 1671 Inde
467 1632 605 1670 canino
624 1633 704 1670 ritu
723 1632 927 1684 oculisque
948 1633 1132 1671 involem.

908 1699 949 1735 X
961 1698 991 1735 C
1004 1699 1036 1734 Ι.

354 1762 493 1800 Multis
509 1761 680 1799 inductis
699 1762 936 1800 sermonibu'
957 1761 1290 1800 concelebrarunt.

352 1941 407 1970 81.
426 1938 574 1970 Nonius:
591 1940 719 1970 Mittere
730 1963 740 1976 ,
762 1940 923 1971 omittere.

352 1995 407 2024 82.
427 1993 580 2025 Nouius:
600 1993 767 2024 Sublatam
779 2017 790 2031 ,
812 1994 954 2025 dicimus

302 2050 477 2078 remotum.

352 2100 406 2130 83.
433 2099 565 2131 Nonius
584 2111 592 2130 ε
617 2099 728 2136 Mitis,
752 2097 954 2141 tranquillus

303 2160 335 2184 et
349 2152 445 2184 lenis.

352 2204 407 2242 84.
431 2206 565 2237 Nonius
584 2217 592 2236 :
619 2201 784 2242 Invitat-e,
808 2211 953 2247 apertam

302 2259 405 2291 habet
422 2258 687 2302 significantiam.

353 2313 407 2344 85.
425 2312 577 2344 Nonius:
595 2310 717 2349 Fortis,
736 2311 833 2343 etiam
850 2309 951 2343 dives.

302 2366 395 2397 Idem
409 2377 416 2397 :
435 2365 640 2407 Improbum,
657 2372 765 2407 turpe.

355 2418 409 2450 86.
435 2417 593 2451 Nonius:
619 2418 751 2456 Metiri,
775 2424 825 2450 est
849 2422 956 2449 trans-

302 2481 421 2503 meare.
613 2481 620 2485 ·

352 2527 371 2556 8
378 2537 407 2566 7.
418 2525 605 2557 Priscianus
617 2549 627 2566 ,
635 2525 694 2557 lib.
704 2527 771 2558 IX:
784 2525 954 2563 Perolesse,

303 2588 366 2619 pro
379 2579 589 2620 perolevisse.

353 2631 407 2660 88.
428 2634 542 2664 Festus
560 2643 567 2662 :
596 2633 732 2675 Tagax,
752 2630 954 2662 furunculus

303 2690 319 2712 a
343 2685 507 2726 tangendo
532 2686 663 2726 dictus,
679 2685 776 2730 cujus
798 2684 955 2718 vocabuli

1008 1941 1157 1971 Lucilius
1174 1940 1326 1971 meminit
1343 1951 1350 1970 ε
1373 1937 1416 1970 Et
1430 1940 1565 1970 mutoni'
1582 1950 1655 1970 ma-

1007 2005 1103 2031 num,
1116 2001 1176 2025 etc.
1186 1994 1335 2026 Nouius:
1353 1995 1515 2036 Tangere,
1529 2000 1579 2024 est
1590 1993 1656 2024 cir-

1008 2046 1209 2078 cumvcnire.

1056 2111 1112 2151 89.
1122 2110 1269 2148 Servius,
1278 2109 1335 2140 lib.
1346 2110 1378 2141 ΙΙ
1387 2110 1510 2151 Georg.
1521 2107 1657 2139 adiuud

1007 2164 1140 2205 Virgilii
1155 2175 1162 2194 :

1006 2230 1040 2255 Et
1048 2240 1113 2264 quos
1122 2236 1165 2255 tut
1173 2231 1262 2265 pecori
1270 2229 1362 2255 malint
1369 2230 1521 2256 submittere
1528 2211 1655 2255 liu-bende-

1006 2290 1042 2322 id
1048 2290 1141 2333 quod
1148 2290 1342 2327 habam-,ut
1349 2289 1497 2321 Lucilius
1503 2289 1541 2320 iu
1546 2290 1655 2320 XXX:

1007 2344 1252 2385 Nonnunquam
1269 2342 1378 2380 dabit,
1392 2349 1453 2373 etc.
1467 2342 1550 2373 Jun.
1573 2341 1656 2373 Phi-

1007 2394 1181 2438 largyrius.

1056 2464 1110 2495 9⁰·
1127 2453 1279 2486 Nonius:
1298 2452 1466 2489 Involare,
1483 2452 1657 2484 estime-

1008 2517 1061 2547 ιε,
1072 2507 1198 2540 insilire
1208 2530 1218 2546 ,
1229 2513 1289 2538 aut
1301 2516 1320 2537 a
1328 2504 1443 2537 volatu
1451 2528 1461 2545 ,
1474 2512 1531 2536 aut
1543 2516 1561 2536 a
1569 2505 1656 2545 vola,

1007 2562 1044 2593 id
1057 2568 1104 2593 est
1115 2584 1125 2600 ,
1139 2559 1245 2593 medii
1262 2570 1365 2591 mauu
1384 2558 1521 2590 dictum.

1056 2638 1111 2669 9¹·
1137 2618 1266 2659 Nssnius
1283 2609 1303 2657 ε·
1320 2624 1546 2658 concelebrare
1559 2647 1571 2663 ‚
1595 2623 1656 2655 diu

1006 2693 1132 2722 amare,
1145 2681 1270 2714 dictum
1285 2690 1302 2712 a
1317 2679 1519 2723 celebritate.
