1846 3184
259 346 286 386 ο·
413 338 464 379 A.
498 325 726 385 PERSH
764 302 1005 363 FLACCI
1048 296 1441 352 PROLOGUS.

315 423 495 471 Venter,
513 421 681 470 negatas
704 402 854 447 artifex
871 395 990 454 sequi
1005 404 1143 435 voces.

319 494 451 552 Quod
474 493 510 534 si
534 486 671 531 dolosi
695 495 788 541 spes
812 472 1021 520 refulserit
1042 463 1210 510 nummi
1226 493 1238 515 ,

321 577 483 617 Corvos
504 568 648 625 poetas
663 594 674 614 ,
691 569 733 601 et
754 552 937 614 poetrias
960 547 1075 606 picas

322 652 503 693 Cantare
524 638 666 684 credas
687 633 934 691 Pegaseium
954 621 1098 665 melos.

319 801 377 824 11.
402 788 607 829 Negaeas....
626 774 755 816 voces]
777 767 914 804 Eodem

271 855 376 880 sensu
387 866 397 883 ‚
413 835 580 874 Manilius
592 857 602 875 ‚
618 831 682 864 lib.
695 827 743 860 V:

274 920 359 960 Quin
369 917 461 948 etiam
471 914 592 952 linguas
601 905 763 937 homiuum
772 922 781 937 ,
795 904 915 928 sensus-

357 975 417 1005 que
434 959 559 991 docebit

275 1014 382 1045 Aerias
393 1010 534 1039 volucres
543 1027 552 1039 ,
568 1007 710 1039 novaque
723 996 758 1025 in
769 998 921 1024 commer-

362 1059 410 1089 cia
425 1057 515 1086 ducet
528 1071 538 1087 ‚

278 1107 447 1145 Verbaque
461 1097 622 1142 praecipiet
638 1097 753 1123 naturae
771 1090 855 1117 sorte
869 1092 924 1112 ne-

362 1158 457 1194 gatas.

283 1220 467 1264 —Artffex
484 1216 586 1259 sequi.
604 1205 842 1244 Hellenismus
861 1210 926 1233 no-

284 1277 451 1312 tissimus.
479 1267 581 1304 Nihil
615 1262 730 1310 figura
759 1257 825 1290 ista
854 1254 926 1287 fre-

287 1328 454 1377 quentius
481 1318 579 1369 apud
607 1319 729 1364 poetas
758 1308 902 1343 Latinos
915 1328 927 1346 ,

286 1378 483 1430 praesertim
496 1371 592 1420 apud
599 1368 770 1404 Persium.
779 1361 863 1400 Hie,
876 1371 930 1391 ar-

290 1435 373 1478 tifex
389 1429 481 1473 sequi
492 1437 561 1473 pro
574 1449 585 1466 ‚
599 1421 664 1468 qui
676 1418 802 1456 docet,
817 1411 912 1458 cogit
921 1435 932 1452 ‚

291 1487 377 1523 facit
387 1483 495 1527 sequi,
509 1489 566 1512 ecc.
581 1477 623 1511 C.

343 1563 359 1585 1
367 1563 396 1584 2.
408 1547 503 1590 Quod
512 1545 539 1577 si
551 1541 669 1579 dolosi,
681 1537 756 1579 eta]
764 1533 937 1568 Dolosum

294 1612 485 1638 nummum
493 1594 666 1634 nominat,
676 1601 748 1623 non
757 1596 829 1620 tam
838 1580 939 1631 quod

297 1656 437 1691 dolosos
476 1648 639 1684 homines
677 1641 780 1676 faciat
793 1663 804 1681 ,
831 1639 941 1684 quam

300 1706 401 1756 quod
416 1704 462 1740 ad
478 1699 648 1739 nefanda,
664 1697 734 1730 hoc
750 1694 830 1727 loco
841 1716 852 1733 ‚
866 1698 942 1724 tur-

299 1763 361 1810 pia
375 1768 410 1794 et
420 1756 566 1792 homine
580 1753 695 1787 libero
708 1746 852 1792 indigna
863 1754 945 1789 per-

302 1811 475 1862 petranda
499 1806 646 1842 inliciat.
666 1802 770 1847 Virg.
795 1794 943 1832 Aeneid-

303 1868 370 1902 lib.
388 1865 468 1904 ΙΙΙ,
487 1875 523 1897 v.
544 1859 612 1894 55:

306 1948 318 1964 .-
329 1954 336 1962 .
347 1954 355 1960 .
365 1953 373 1959 .
383 1928 467 1966 Quid
477 1936 539 1956 non
553 1921 694 1953 mortalia
704 1923 834 1959 pectora
844 1913 929 1954 cogis
939 1933 948 1949 ,

307 1978 388 2009 Auri
400 1985 484 2006 sacra
495 1970 614 2003 fames?

310 2042 422 2078 Sicuti
436 2039 531 2074 enim
545 2036 588 2071 ad
601 2034 713 2069 scelus
721 2030 884 2066 homines
897 2038 955 2061 au-

311 2108 395 2130 rum
406 2092 515 2127 allicit
526 2103 536 2133 ;
551 2091 597 2124 ita
615 2097 758 2134 quoque
772 2083 899 2130 saepius
911 2079 956 2114 ad

312 2147 514 2186 infamiam,
533 2141 792 2189 turpitudinem
805 2163 815 2180 ,
836 2135 957 2171 adula-

314 2200 465 2238 tionem,
480 2203 515 2230 et
533 2193 693 2240 corporis
705 2191 760 2225 sui
777 2186 957 2223 nundina-

965 762 1100 796 tionem
1112 768 1123 798 3
1138 754 1227 801 quin
1241 751 1351 785 immo
1365 743 1468 791 (adeo
1482 739 1605 776 dulces

966 814 1061 849 illius
1085 804 1282 847 illecebrae)
1299 826 1311 843 ‚
1334 811 1394 834 eos
1416 791 1608 842 aliquando

967 866 1013 902 ad
1036 861 1180 912 grandia
1203 857 1316 893 ducit.
1341 854 1430 895 Qnae
1456 851 1541 883 cum
1561 847 1610 879 ita

969 920 1059 960 sint,
1079 914 1226 949 minime
1243 905 1445 943 mirandum
1462 908 1533 940 est,
1546 909 1613 933 cur

971 981 1045 1007 tam
1056 968 1180 1004 efficax
1192 964 1393 999 animorum
1399 952 1613 992 vehiculum,

973 1033 1167 1068 rerumque
1180 1020 1417 1053 humanarum
1426 1006 1538 1044 vectis
1548 1017 1615 1052 po-

974 1075 1190 1112 tentissimus
1198 1095 1209 1112 ‚
1221 1070 1291 1103 hoc
1309 1067 1389 1100 loco
1398 1089 1409 1104 ‚
1423 1063 1548 1095 dolosus
1559 1056 1616 1098 di-

978 1137 1090 1165 catur.
1105 1126 1174 1159 Hic
1186 1148 1198 1165 ,
1214 1121 1312 1156 idem
1322 1118 1415 1153 valet
1435 1105 1563 1147 dolosus'
1577 1121 1620 1144 ac

979 1188 1169 1227 corruptor
1181 1190 1193 1221 ;
1207 1172 1306 1223 quod
1321 1172 1371 1205 sic
1387 1168 1524 1216 optime
1537 1161 1620 1199 red-

979 1235 1072 1270 didit
1088 1235 1263 1277 interpres
1275 1224 1433 1260 Gallicus
1445 1220 1523 1254 Se'lis
1531 1231 1542 1250 :
1555 1218 1624 1250 l'es-

973 1290 1052 1333 poir
1062 1288 1139 1319 d'un
1153 1297 1192 1317 or
1204 1283 1379 1315 se'ducteur.
1401 1276 1445 1308 Α.
1579 1285 1586 1287 ’

1032 1340 1088 1374 13.
1121 1340 1232 1371 Corvos
1252 1335 1366 1377 poe'tas
1375 1354 1387 1369 ,
1409 1328 1486 1370 eta]
1512 1321 1630 1357 Malos

983 1396 1106 1440 poetas
1136 1396 1172 1423 et
1201 1388 1354 1431 ineptos.
1385 1379 1629 1414 Ad·naturam

987 1454 1178 1480 corvorum
1187 1448 1222 1474 et
1229 1438 1390 1486 picarum
1398 1427 1632 1477 respicissqui,

989 1499 1054 1533 etsi
1070 1498 1239 1531 humanas
1250 1500 1353 1525 voces
1366 1485 1548 1520 imitantur
1558 1482 1633 1526 (ex-

990 1550 1124 1587 cellunt
1137 1549 1231 1581 enim
1249 1544 1287 1578 in
1303 1553 1346 1576 eo
1358 1548 1487 1586 genere
1497 1535 1579 1582 pica
1597 1539 1633 1566 et

992 1603 1159 1646 corvus),
1170 1609 1287 1633 tamen
1305 1593 1432 1628 natura
1447 1596 1531 1624 sunt
1545 1596 1636 1622 voce

991 1655 1152 1704 praediti,
1161 1664 1235 1685 non
1243 1649 1358 1683 sohim
1369 1643 1504 1691 ingrata
1511 1666 1520 1681 ‚
1529 1638 1592 1674 sed
1601 1645 1638 1672 et

994 1709 1146 1744 infausta
1157 1702 1336 1740 veteribus
1346 1697 1480 1738 habita,
1489 1703 1638 1740 praeser-

996 1764 1063 1798 tim
1077 1754 1206 1795 corvus
1219 1781 1230 1798 ‚
1245 1755 1311 1802 qui
1323 1754 1406 1787 cum
1418 1749 1531 1788 κλύζει
1541 1771 1553 1789 ,
1567 1745 1640 1792 glo-

997 1817 1083 1850 citat
1094 1839 1104 1855 ‚
1117 1812 1175 1847 vel
1187 1809 1299 1853 κρώζει
1309 1833 1320 1849 ,
1331 1803 1501 1852 grocitat‚
1513 1809 1641 1834 vocem

999 1867 1142 1904 videtur
1153 1863 1284 1898 habere
1297 1853 1517 1904 strangulati.
1530 1851 1574 1885 C.

1052 1925 1108 1962 ¹4·
1130 1920 1268 1951 camare
1283 1908 1430 1954 credas.]
1452 1908 1533 1942 Hoc
1552 1905 1651 1950 εἴρω--

1003 1979 1096 2013 νικῶς
1106 1964 1453 2007 dictumNidebitur
1458 1961 1646 1995 Musarum

1006 2037 1068 2062 vos
1090 2023 1214 2058 dulces
1240 2017 1364 2055 audire
1385 2019 1591 2049 concentus.
1600 2026 1648 2034 -

1007 2078 1194 2122 Pegaseium
1223 2074 1328 2105 melos.
1353 2065 1546 2114 Egregium
1572 2072 1650 2094 car-

1008 2143 1106 2171 men,
1114 2126 1216 2175 quale
1225 2119 1464 2169 composuerit
1475 2117 1518 2157 is,
1533 2112 1597 2160 qui
1606 2123 1652 2146 ex

1009 2183 1238 2230 Hippocrene
1260 2173 1406 2210 biberit.
1419 2173 1566 2203 Praeeus.

364 2332 407 2361 V.
428 2328 481 2359 13.
495 2323 648 2358 Poenius.
660 2320 805 2354 Dimidia
819 2329 895 2361 pars
910 2314 1006 2348 codd.
1020 2311 1121 2344 habet
1132 2306 1298 2351 poetridas
1306 2327 1318 2342 ‚
1333 2308 1509 2341 utrumque
1520 2297 1607 2328 bene
1618 2305 1652 2325 se

320 2382 432 2414 habet.
450 2377 617 2411 Nonnulli
630 2374 803 2417 Ροέιτίιαες
818 2370 920 2402 male!
941 2366 1057 2400 Codex
1068 2368 1198 2400 noster,
1211 2355 1392 2404 poen-idas.

368 2454 412 2482 V.
431 2449 472 2480 15
498 2447 605 2479 Melos.
623 2447 699 2477 Vet-
722 2442 825 2475 schol.
849 2441 896 2471 ita
913 2450 920 2469 :
945 2438 979 2468 in
997 2433 1070 2467 alus

762 2496 820 2526 Ast
847 2493 903 2524 alii
929 2499 1042 2522 omnes
1066 2484 1191 2517 habent
1215 2480 1311 2512 melos
1330 2489 1342 2508 .·
1362 2485 1462 2518 quam
1484 2470 1660 2503 lectionem

327 2503 426 2534 codd.
451 2501 590 2543 legimus
614 2505 735 2529 nectar.

1090 2439 1138 2464 ese
1154 2436 1278 2461 nectar.
1297 2427 1340 2457 Et
1354 2424 1460 2465 reipsa
1473 2420 1512 2451 in
1525 2416 1658 2449 duobus

328 2554 528 2585 servavimus
552 2551 744 2589 auctoritate
771 2546 845 2577 freti
871 2543 967 2575 codd.
993 2545 1183 2571 nostrorum
1209 2540 1243 2564 et
1268 2527 1405 2562 Homeri
1428 2525 1488 2568 qni
1507 2546 1517 2562 ,
1543 2529 1583 2553 ut
1613 2520 1658 2551 ait

329 2605 559 2642 casaubonus,
572 2605 609 2634 in
624 2602 756 2633 duobus
777 2596 946 2630 continuis
959 2592 1107 2626 versibus
1125 2585 1244 2629 hymni
1261 2585 1299 2615 iu
1310 2579 1515 2614 Mercurium
1532 2582 1565 2607 et
1582 2583 1660 2606 cor·

331 2658 436 2701 ripuit
456 2663 488 2689 et
509 2656 665 2700 produxit
685 2654 830 2697 priorem
851 2649 943 2683 verbi
964 2645 1070 2688 melos²
1083 2641 1165 2677 God.
1182 2644 1313 2676 noster,

1333 2633 1442 2667 melos.
