1846 3184
1262 169 1321 225 si

642 287 992 332 sA'rmAv
1263 287 1265 289 ·
1331 261 1335 264 ’
1416 287 1498 344 1²3

229 374 428 418 Permisit
442 370 638 431 sparsisse
653 369 834 413 oculos
817 384 905 426 Jam
922 365 1134 411 madidus
1148 367 1309 454 tpnbm

224 452 419 508 cumque
431 449 514 490 iter
529 447 781 505 ambiguum
796 456 883 498 est,
897 455 941 488 et
953 444 1051 486 vitae
1067 442 1236 486 nescius
1251 457 1371 486 error

225 525 402 568 Diducit
415 522 603 582 trepidas
618 536 784 564 ramosa
803 521 851 563 in
868 520 1056 579 compita
1073 529 1234 562 mentes
1247 551 1261 573 ‚
1410 519 1422 531 ⁸
1456 522 1501 559 35

226 601 302 644 Me
317 601 398 642 tibi
413 599 644 658 supposui:
665 609 834 641 teneros
852 608 900 639 tu
917 597 1091 655 suscipis
1109 610 1244 638 annos
1299 645 1302 646 ⁷

227 676 443 718 Socratico
454 707 468 729 ‚
487 676 695 728 Cornuoe,
711 676 833 716 sinu:
854 684 982 726 tunc,
999 673 1145 714 fallere
1162 671 1292 715 solers
1303 703 1317 724 ‚

170 802 210 836 in
230 802 297 838 hac
317 803 440 837 Rom
463 809 565 850 parte
591 810 692 836 erant
710 802 813 848 lupa-

864 800 950 835 vitia
962 807 997 834 et
1007 799 1371 835 virtutem-flamoso
1380 800 1414 832 in
1422 812 1510 832 com·

170 855 267 890 naria
289 863 327 890 et
346 856 559 890 meretrices.
573 854 661 888 Vid.
681 855 809 888 Juven.
858 856 942 897 pita.
955 854 1045 895 Quae
1058 852 1188 886 multas
1201 853 1239 886 in
1252 852 1326 886 vias
1337 850 1509 886 scindunt

171 915 235 942 sat.
250 908 310 942 111
323 921 385 949 ,ι
406 908 441 942 5.
459 908 502 941 C.
717 928 719 931 -

219 960 275 994 33.
292 962 468 1005 Spar-sisse]
480 959 697 996 Pet-lustrare
707 985 718 999 ,
734 971 813 1005 per-

170 1013 299 1060 vagari.
310 1033 358 1039 -·
372 1015 533 1047 Candidus
554 1015 663 1046 umbo.
685 1029 701 1042 ι
715 1012 813 1058 Toga

174 1082 189 1095 ι
203 1065 315 1099 virilis
326 1090 338 1106 ‚
350 1065 472 1111 inquit
487 1065 633 1099 Casaub.
648 1064 726 1098 alba
739 1071 814 1098 erat

175 1133 191 1146 ι
204 1116 280 1150 sine
287 1129 460 1163 purpura.
472 1118 572 1148 Umbo
580 1125 665 1160 togae
672 1123 725 1149 est
734 1127 815 1148 cen-

175 1185 190 1198 ·
207 1177 302 1202 trum
309 1169 488 1215 'plicarum
501 1168 538 1202 in
550 1176 640 1214 toga.
649 1167 707 1202 Sic
719 1167 818 1209 enim

176 1237 191 1250 ι
206 1221 403 1255 lautiorum
417 1231 495 1267 toga
507 1221 791 1267 componebatur
801 1245 814 1262 ,

177 1292 193 1309 ι,
209 1282 251 1308 ut
264 1283 433 1320 corrupta
449 1275 487 1308 in
503 1275 616 1308 multa
630 1275 815 1320 πτύγμιτα.

176 1342 191 1356 ι
205 1325 321 1373 clypei
334 1328 486 1373 speciem
498 1327 695 1373 praeberet3
709 1327 813 1372 cujus

176 1395 191 1408 ι
206 1387 371 1413 centrum
383 1380 530 1426 proprie
538 1379 739 1426 appellatur
747 1392 814 1411 um-

176 1446 191 1459 ·
205 1432 258 1463 bo.
270 1445 286 1459 ι
300 1428 387 1464 Vid.
405 1437 536 1464 statuas
552 1429 716 1476 antiquas
732 1429 813 1463 Mu-

173 1482 232 1516 saei
246 1482 407 1516 Parisini.

220 1535 280 1576 34.
298 1537 440 1579 cumque
460 1538 522 1568 iter
540 1537 726 1580 ambg’uum
746 1545 810 1575 est,

173 1588 247 1635 em]
259 1588 417 1635 Respicit
428 1587 474 1622 ad
485 1587 640 1622 fabulam
647 1589 812 1622 Herculis

173 1640 343 1675 Prodicii.
354 1641 440 1675 Vid.
455 1641 528 1676 Cic.
545 1641 610 1675 lib.
625 1642 642 1674 1
652 1667 663 1683 ,
677 1641 723 1675 de
734 1642 811 1675 Off.

175 1693 362 1725 —Etvitae
377 1693 499 1725 nucius
515 1705 619 1724 error.
632 1692 683 1725 Ut
694 1692 813 1738 philo-

176 1743 299 1790 sophia
310 1744 392 1778 vitae
410 1743 574 1790 magistra
593 1753 645 1778 est
662 1745 759 1788 (Cic.
778 1753 814 1779 et

176 1796 338 1841 Senem),
350 1797 397 1830 ita
409 1797 518 1843 hujus
529 1797 750 1831 contrarium
762 1806 815 1831 est

177 1861 270 1892 error
290 1850 372 1881 victe
398 1851 539 1888 nescim,
560 1848 599 1883 id
622 1857 696 1890 est,
714 1849 816 1895 igno-

177 1901 290 1934 rantia
305 1913 430 1934 eorum
448 1913 528 1947 quae
548 1901 758 1935 conducunt
773 1901 818 1936 ad

178 1961 272 1986 recte
286 1953 462 1999 beateque
475 1953 686 1988 vivendum.
704 1954 748 1988 C.

226 2004 284 2039 35.
314 2008 474 2049 Trepidas.
486 2030 512 2038 ..
525 2031 533 2038 .
549 2009 691 2051 mentem]
712 2006 818 2040 Anci-

179 2057 270 2105 pites
283 2083 295 2101 ,
321 2057 447 2093 dubias
460 2084 472 2101 ‚
502 2059 695 2100 titubantes
725 2060 820 2094 inter

863 918 901 940 se
911 932 922 948 ,
935 914 977 940 ut
990 914 1139 939 truncus
1153 905 1191 939 in
1206 917 1334 939 ramos.
1348 904 1417 938 nic
1428 917 1508 938 rur-

864 971 924 992 sus
932 957 1061 992 alludit
1068 957 1114 991 ad
1122 958 1276 992 litteram
1285 957 1507 1005 Pythagora,

865 1010 911 1045 de
924 1023 995 1057 qua
1006 1009 1079 1044 vid.
1092 1018 1153 1044 sat.
1168 1011 1226 1044 111
1238 1035 1250 1052 ‚
1266 1022 1301 1044 v.
1318 1010 1377 1044 56.
1395 1011 1438 1043 A.

912 1064 967 1098 36.
981 1067 1036 1097 Me
1052 1066 1113 1097 tibi
1125 1065 1298 1108 supposui]
1309 1063 1375 1096 Illa
1386 1069 1484 1097 aetate
1495 1087 1507 1104 ‚

865 1130 923 1151 me
938 1117 1003 1150 tibi
1018 1115 1284 1151 instituendum
1299 1115 1460 1150 exhibui.

914 1169 970 1216 37.
982 1171 1169 1202 Socration..
1178 1194 1201 1202 ..
1214 1169 1310 1215 sium]
1327 1168 1507 1215 Excepisti

866 1234 924 1256 me
944 1222 982 1255 in
1002 1229 1102 1256 tuam
1121 1220 1365 1268 disciplinam,
1384 1221 1510 1255 morali

867 1274 1093 1320 philosophia
1122 1281 1158 1307 et
1190 1274 1386 1307 stoicorum
1416 1285 1512 1319 prae·

864 1326 975 1372 ceptis
993 1325 1252 1360 imbuendum:
1270 1325 1438 1373 excepisti
1451 1338 1510 1359 me

864 1391 940 1413 non
962 1377 1085 1413 studio
1110 1379 1227 1413 solum
1249 1387 1402 1425 paterno
1413 1403 1424 1419 ‚
1447 1377 1511 1412 sed

866 1431 966 1478 quasi
983 1440 1147 1466 materno
1169 1431 1304 1465 affectu
1322 1430 1511 1465 blandiens

864 1492 900 1518 ct
928 1482 1150 1518 demulcens.
1182 1484 1260 1518 Cur
1286 1492 1407 1518 antem
1434 1484 1512 1516 stoke

864 1537 1089 1584 disciplinam
1106 1546 1212 1572 vocet
1232 1537 1457 1577 socraticam,
1472 1549 1511 1571 ea

866 1599 918 1626 est
941 1592 1033 1625 ratio
1049 1601 1059 1622 ε
1078 1603 1209 1638 nempe
1234 1591 1389 1626 Socratis
1406 1589 1513 1624 disci-

865 1642 974 1688 pulus
993 1642 1063 1676 fuit
1079 1641 1305 1675 Antisthenes
1315 1666 1327 1683 ‚
1342 1641 1406 1687 qui
1424 1641 1513 1674 Dio-

866 1704 995 1738 genem
1030 1692 1187 1725 instituit
1213 1704 1225 1734 ;
1258 1692 1358 1725 hunc
1390 1691 1512 1725 Crates

865 1745 1057 1782 Thebanus
1083 1744 1221 1779 audivit
1236 1757 1248 1788 ;
1274 1744 1334 1778 hic
1365 1743 1513 1778 demum

866 1796 1023 1832 erudivit
1034 1798 1218 1842 Zenonem
1228 1822 1239 1839 ‚
1252 1797 1382 1832 scholae
1394 1797 1515 1831 stoicae

868 1847 1094 1883 conditorem
1105 1861 1117 1892 ;
1135 1847 1234 1883 unde
1250 1848 1372 1890 stoici,
1384 1857 1426 1883 ut
1439 1848 1517 1895 pri·

870 1914 971 1935 mum
985 1909 1087 1936 sectae
1102 1913 1175 1935 suae
1190 1909 1396 1948 parentem,
1410 1913 1516 1948 agno-

870 1962 1001 1988 verunt
1015 1953 1218 1988 Socratem:
1234 1962 1405 2000 praeterea
1415 1979 1427 1996 ‚
1442 1962 1516 1987 tota

870 2007 1013 2041 moralis
1023 2006 1211 2054 disciplina
1220 2031 1232 2048 ‚
1247 2019 1355 2053 quam
1368 2007 1516 2053 proprie

871 2060 1003 2094 Senem
1028 2060 1162 2107 aliique
1187 2060 1423 2109 philosophia
1449 2072 1516 2093 no-

225 2171 269 2200 V.
285 2171 339 2207 34.
354 2170 495 2211 Ct'tmque
509 2170 571 2202 iter
579 2171 768 2214 ambiguum
780 2179 837 2204 est.
855 2172 899 2206 Τὸ
914 2180 978 2210 est,
990 2172 1111 2204 inutile
1125 2180 1157 2204 et
1167 2172 1418 2205 incommodum
1433 2182 1517 2213 pene

179 2222 395 2262 crediderim,
406 2230 439 2254 et
455 2223 523 2254 hoc
546 2224 622 2255 loco
642 2225 803 2256 insertum
820 2225 917 2256 metri
932 2236 1031 2257 causa
1044 2225 1164 2267 ;·‹1uod
1180 2236 1252 2256 non
1272 2225 1354 2255 adeo
1372 2231 1439 2254 erat
1459 2234 1516 2253 ne-

179 2286 283 2307 cesse:
295 2287 372 2308 nam
383 2277 435 2308 vel
446 2277 579 2319 optimis
588 2279 695 2320 poetis
706 2278 840 2316 accidit,
853 2285 891 2309 ut
902 2289 1025 2310 casura
1037 2286 1114 2320 post
1126 2279 1309 2309 secundum
1319 2277 1437 2319 pedem
1446 2287 1517 2308 non

179 2329 339 2367 elidatur,
352 2336 387 2360 et
407 2340 483 2372 quae
506 2329 616 2361 brevis
639 2337 687 2362 est
712 2331 812 2373 longa
829 2331 907 2368 fiat;
924 2331 1017 2373 quod
1036 2330 1193 2362 omnibns
1211 2337 1329 2360 notum
1349 2336 1417 2359 est:
1435 2339 1518 2371 prae·

180 2387 265 2413 tem
274 2403 285 2419 ‚
299 2389 347 2412 est
360 2390 454 2414 vacat
472 2382 509 2413 id
523 2390 638 2414 nostro
657 2383 732 2414 cod.
750 2391 785 2414 et
801 2384 839 2414 in
852 2385 884 2413 V
898 2384 981 2414 aliis.

225 2446 268 2475 V.
285 2445 340 2476 35.
357 2445 498 2476 Diducit.
513 2448 563 2477 Ita
580 2446 677 2477 codd.
692 2447 820 2488 optimi.
832 2447 878 2476 At
891 2446 1026 2476 dimidia
1046 2456 1123 2487 pars
1144 2444 1241 2475 codd.
1259 2444 1360 2475 habet
1378 2444 1516 2475 deducis.

127 2508 130 2509 ⁷
181 2497 303 2527 Eadem
313 2498 450 2529 varietas
462 2505 568 2529 exstat
580 2498 670 2540 apud
680 2500 702 2529 J
704 2509 801 2529 uven.
814 2505 874 2529 sat.
888 2500 903 2529 1
913 2520 922 2535 ,
936 2509 967 2530 v.
984 2498 1060 2536 157.
1070 2515 1118 2520 —
1127 2496 1279 2538 Compita.
1292 2496 1375 2529 eod.
1388 2503 1521 2536 noster,

181 2548 274 2579 devia
282 2560 295 2579 .-
310 2549 367 2580 sed
375 2550 447 2582 hac
459 2551 558 2581 lectio
575 2551 715 2592 glossam
732 2551 867 2598 redolet.

228 2613 271 2641 V.
288 2612 342 2643 36.
359 2614 524 2654 Supposui.
542 2617 593 2645 Ita
605 2613 702 2644 codd.
719 2613 835 2644 nostri.
850 2613 1019 2654 Bongaxsii
1041 2612 1115 2643 cod.
1137 2623 1156 2644 a
1170 2612 1366 2646 casaubono
1382 2613 1499 2646 cium
1510 2634 1519 2650 ‚

186 2661 284 2695 habet
295 2666 421 2706 seposui
426 2677 441 2703 ;
455 2673 488 2698 et
504 2667 654 2709 apposita
671 2673 720 2698 est
734 2666 838 2708 glossa
850 2688 860 2704 ‚
873 2666 921 2697 ad
931 2673 962 2697 te
973 2664 1148 2708 segregavi.
