1846 3184
314 288 371 332 90

651 275 703 316 Al
741 273 996 316 PERSII
1038 270 1291 317 FLACCI

372 355 547 397 Excutit
567 369 590 397 e
612 355 838 409 manibus;
858 355 1005 399 dentes
1027 372 1231 415 crepuere
1253 358 1426 411 retecti;

370 431 510 473 Uncta
531 430 688 473 cadunt
710 431 813 473 laxis
834 443 937 474 tunc
961 432 1244 490 pulmentaria
1267 433 1425 486 labris;

311 550 400 580 Inter
422 548 518 580 vina.
544 546 634 580 laesis
665 546 796 580 nervis.
828 545 951 580 Senec.

312 600 413 646 epist.
428 602 486 644 95.
502 599 559 633 Sic
576 600 859 646 intemperantiae
872 599 954 646 pin-

311 653 363 698 git
388 653 535 686 effectus
557 664 565 684 ε
595 655 675 695 Quoe
700 652 955 685 desiderantibus

310 706 466 737 alimenta
488 714 584 737 erant
597 730 608 744 ‚
632 717 731 736 onera
752 714 827 737 sunt
839 706 952 748 plenis.

310 760 391 790 Inde
403 760 531 800 pallor,
546 767 579 790 et
598 770 764 791 nervorum
782 759 864 790 vino
879 771 950 790 ma·

311 812 455 843 dentium
474 820 593 843 tremor
599 825 613 849 ,¹
635 819 668 842 et
686 812 898 843 miserabilior
910 823 952 843 ex

312 864 545 904 cruditatibus3
572 864 671 906 quam
699 875 742 895 ex
759 863 856 906 fizme
883 876 952 896 ma·

312 917 383 948 cies.
398 915 483 947 Inde
502 917 618 948 incerti
638 917 818 947 labantium
834 917 952 958 pedes,

311 978 346 1002 et
354 981 477 1012 semper
486 972 580 1012 quasi
591 970 624 1001 in
634 970 787 1001 ebrietate
796 970 953 1000 titubatio.

311 1021 405 1055 Cave
422 1030 542 1055 autem
563 1034 609 1055 ne
630 1021 722 1062 haec,
739 1023 796 1053 sed
815 1030 952 1060 tremor,

311 1083 371 1107 etc.
407 1074 580 1120 intelligas
601 1099 611 1115 ,
642 1082 683 1108 ut
719 1072 866 1119 quidam
899 1074 953 1107 in-

311 1134 487 1172 terpretes
504 1152 514 1168 ‚
538 1127 642 1173 quasi
674 1127 712 1160 in
739 1127 875 1161 balneis
902 1128 955 1160 hi-

309 1179 417 1213 bisset
428 1188 595 1226 aegrotus.
610 1180 684 1214 Etsi
698 1181 818 1214 Romae
832 1180 870 1213 in
883 1181 953 1214 bal-

311 1232 388 1266 neis
411 1233 706 1279 Thermopolium
735 1241 835 1274 erat„
866 1241 953 1267 teste

311 1286 456 1320 Vitruv.
483 1286 544 1319 lib.
571 1287 618 1326 V,
646 1298 722 1332 cap.
757 1299 809 1320 10.
836 1287 951 1320 Plaut.

312 1339 474 1373 Rudent.
495 1348 560 1373 act.
587 1340 649 1381 ΙΙ,
673 1352 770 1373 scen.
796 1341 838 1381 6;
862 1340 953 1374 nihil

311 1401 428 1427 tamen
451 1392 518 1426 hoc
539 1393 617 1426 loco
641 1392 773 1426 indicat
791 1401 955 1426 nostrum

289 1443 495 1478 ‚auctorem
524 1445 597 1478 huc
630 1453 834 1491 spectasse3
872 1447 955 1478 cum

311 1506 436 1530 contra
467 1509 512 1530 ex
538 1498 770 1543 sequentibus
793 1497 956 1532 videatur

310 1549 416 1583 illum
425 1558 628 1591 tremorem,
636 1550 799 1584 dentium
808 1551 956 1597 crepita-

1007 547 1156 589 tionem,
1168 556 1237 582 etc.
1251 548 1412 583 funestos
1424 547 1531 582 fuisse
1545 549 1650 584 effec-

1007 609 1064 634 tus
1077 600 1220 634 alterius
1234 613 1341 634 coenae
1356 600 1555 636 immodicae
1567 610 1650 648 post

1005 651 1218 686 lavationem
1227 651 1475 698 intempestive
1485 661 1647 699 sumptae.

1005 704 1059 737 Ita
1080 704 1190 750 igitur
1212 705 1286 739 haec
1298 730 1309 747 ‚
1328 707 1411 738 inter
1429 707 1514 738 vina
1527 731 1537 744 ,
1556 707 1646 740 acci-

1003 756 1135 803 pienda
1152 757 1254 791 nobis
1272 757 1441 793 videntur
1462 771 1530 805 pro
1549 771 1650 793 coena

1003 809 1081 855 ipsa
1106 810 1180 843 fere
1206 821 1346 856 semper
1371 818 1452 857 post
1477 811 1648 845 balneum

1005 864 1362 906 acta.—Calidumque
1388 866 1544 898 trientem.
1561 864 1646 898 Vid-

1005 916 1099 949 infra
1134 928 1210 950 var.
1244 916 1327 950 lect.
1364 916 1491 950 Triens
1527 926 1649 952 autem

1007 967 1082 1002 vini
1103 980 1267 1001 mensura
1282 969 1482 1004 ‘continens
1507 964 1649 1004 tertiam

1004 1030 1144 1067 partem
1173 1020 1315 1054 sextarii
1340 1021 1470 1065 (litre,
1496 1016 1648 1065 o-a'oo3‚

1008 1074 1121 1109 25150
1134 1075 1162 1118 ).
1182 1074 1294 1108 Porro
1308 1073 1419 1108 calida
1433 1087 1524 1121 aqua
1542 1076 1652 1110 mixta

1005 1128 1092 1162 vino
1118 1128 1155 1161 in
1185 1127 1321 1162 deliciis
1349 1136 1423 1162 erat
1454 1127 1551 1175 apud
1575 1126 1651 1162 Ro'-

1007 1193 1141 1214 manos.
1157 1179 1244 1214 Vid.
1265 1181 1358 1214 Just.
1374 1181 1474 1226 Lips.
1491 1181 1648 1215 Elector.

1005 1233 1070 1266 lib.
1090 1234 1130 1275 I,
1150 1245 1229 1279 cap.
1250 1236 1285 1273 4.
1304 1234 1347 1265 Α.

1057 1298 1134 1319 101.
1153 1290 1271 1318 Dentes
1288 1298 1439 1328 crepuere
1457 1287 1590 1331 retecti]
1605 1286 1652 1319 In

1006 1339 1114 1372 febris
1136 1339 1254 1385 rigore
1278 1347 1426 1385 crepant
1448 1333 1572 1372 dentes
1585 1363 1596 1379 ‚
1616 1346 1653 1372 et

1007 1393 1159 1426 strident
1173 1392 1463 1425 allisi.—-Retecti.
1478 1391 1653 1426 Reti-actis

1008 1458 1090 1479 sane
1117 1445 1241 1485 labiis,
1260 1444 1359 1491 quod
1387 1445 1492 1478 etiam
1515 1445 1655 1480 violen-

1008 1498 1110 1531 tioris
1129 1498 1238 1531 febris
1257 1498 1399 1543 signum
1416 1506 1483 1531 est.
1502 1497 1543 1530 P.

1059 1562 1137 1584 102.
1157 1554 1258 1583 Uncta
1270 1552 1411 1590 cadunt,
1428 1552 1505 1594 etc.]
1517 1551 1563 1584 Et
1576 1550 1653 1584 lau-

312 1656 528 1689 casaubonus
556 1657 646 1688 solus
671 1657 750 1699 legit
761 1679 770 1694 ,
792 1657 943 1694 triental,
968 1656 1036 1687 fide
1064 1657 1188 1688 codicis
1213 1656 1361 1687 Puteaui.
1382 1657 1428 1687 At
1450 1656 1479 1687 si
1505 1657 1653 1688 Puteano

311 1715 429 1739 nostro
440 1731 449 1746 ‚
465 1710 554 1745 8048
569 1732 580 1748 ‚
594 1716 633 1740 ut
645 1709 776 1739 videtur
784 1732 793 1746 ,
807 1720 886 1740 usus
898 1716 945 1740 est
955 1731 964 1746 ‚
979 1719 1050 1739 uon
1060 1708 1288 1753 potuitvlegere
1300 1708 1452 1739 triental:
1464 1718 1542 1738 uam
1553 1708 1654 1739 altera

310 1773 386 1804 pars
399 1762 502 1793 satirae
511 1764 561 1793 111
573 1785 582 1800 ,
596 1773 614 1792 a
628 1773 726 1793 versu
742 1764 782 1802 37
804 1769 898 1793 vacat
910 1773 919 1800 ;
934 1763 1013 1792 item
1030 1762 1162 1792 initium
1179 1762 1284 1792 satirae
1298 1763 1347 1792 IV
1359 1772 1367 1791 :
1384 1768 1417 1792 et
1430 1760 1565 1792 difficile
1580 1772 1656 1792 cre·

310 1815 448 1846 diderim
458 1812 598 1846 alterum
611 1816 759 1846 codicem
772 1816 871 1846 fuisse
883 1806 1065 1846 Puteau‘um
1075 1814 1172 1846 nobis
1182 1814 1408 1856 incognitum3
1423 1821 1455 1845 et
1463 1815 1535 1845 vice
1545 1825 1636 1845 versa
1643 1835 1655 1850 .

310 1869 449 1912 alterum
461 1869 524 1899 soli
538 1858 918 1911 Casauhonocognitum
929 1893 939 1907 ‚
957 1868 1032 1900 cum
1046 1879 1160 1899 omnes
1172 1868 1268 1899 codd.
1281 1867 1492 1899 bibliothecae
1503 1867 1606 1910 hujus
1616 1868 1656 1899 111

311 1921 448 1963 Regiam
469 1922 667 1952 transierint.
685 1922 855 1953 Subtiliter
875 1923 954 1953 satis
974 1922 1128 1952 distinxit
1145 1920 1360 1953 casaubonus
1378 1920 1467 1951 idem
1486 1920 1620 1951 triental
1635 1931 1655 1951 a

312 1972 445 2018 triente.⁴
462 1964 587 2010 Triens}
615 1974 727 2015 inquit
738 1997 747 2012 ,
771 1981 820 2004 est
852 1984 1006 2004 mensura
1032 1974 1102 2016 ipsa
1112 1996 1121 2012 ‚
1143 1973 1275 2003 triental
1299 1972 1461 2014 poculum
1491 1982 1655 2003 mensum

310 2036 422 2068 capax.
436 2026 591 2057 Similiter
608 2026 811 2066 quadrantal
826 2027 1075 2068 appellaverunt
1094 2026 1237 2057 Romani
1254 2036 1308 2056 vas
1327 2024 1520 2066 quadrantis
1534 2035 1652 2067 capax.

309 2080 389 2110 Non
405 2078 507 2109 male:
522 2078 579 2109 sed
597 2078 689 2109 nulla
703 2079 766 2109 alia
781 2080 994 2110 auctoritate:
1014 2090 1091 2109 nam
1110 2079 1171 2109 iste
1188 2078 1392 2119 quadrantal
1403 2078 1491 2108 forte
1506 2077 1654 2120 ejusdem

310 2140 359 2164 est
371 2134 484 2165 farinae
495 2145 532 2165 ac
546 2134 692 2171 triental,
710 2134 802 2175 quod
815 2134 905 2165 solus
916 2133 1015 2164 finxit
1027 2134 1252 2166 Casaubonus.
1266 2133 1367 2175 Apud
1379 2143 1456 2170 nos,
1473 2139 1520 2171 et,
1533 2132 1631 2163 credo
1642 2154 1654 2170 ,

309 2185 400 2227 apud
413 2196 526 2216 omnes
536 2208 546 2223 ‚
561 2186 648 2216 idem
666 2197 790 2216 nomen
808 2192 856 2217 est
867 2208 875 2223 ‚
890 2192 921 2216 et
933 2196 1093 2216 mensurae
1103 2208 1113 2223 ‚
1126 2192 1158 2216 et
1175 2186 1259 2215 vasi:
1275 2191 1362 2215 recte
1383 2184 1471 2214 enim
1492 2183 1654 2222 dicimus,

306 2239 397 2282 pinte
406 2263 417 2277 ,
436 2239 508 2270 litre
518 2261 529 2279 ‚
544 2238 680 2281 chopine
689 2263 699 2277 ,
717 2239 893 2270 demi-licre
902 2262 911 2276 ,
931 2246 990 2269 etc.
1005 2250 1067 2280 pro
1087 2249 1238 2269 mensura
1248 2261 1257 2276 ,
1270 2246 1302 2269 et
1314 2249 1375 2280 pro
1388 2249 1463 2269 vase
1476 2248 1545 2279 quo
1557 2247 1650 2267 men-

310 2303 386 2324 sura
399 2293 612 2323 continetur.
629 2293 660 2323 Il
671 2304 693 2323 a
710 2293 751 2323 bu
769 2303 832 2323 une
845 2292 937 2334 pinte
955 2292 995 2322 de
1010 2292 1090 2329 vin,
1109 2291 1135 2321 il
1149 2303 1171 2321 a
1195 2290 1287 2322 laisse'
1305 2291 1426 2321 tomber-
1441 2291 1474 2321 la
1486 2290 1579 2331 pinte
1585 2300 1655 2331 par

311 2353 404 2377 terre.
420 2346 537 2376 Futilis
549 2352 598 2376 est
611 2346 715 2387 igitur
732 2345 920 2378 Casauboni
934 2345 1122 2382 distinctim
1139 2355 1200 2375 nec
1219 2343 1376 2386 impedit,
1392 2343 1573 2385 quominus
1585 2343 1653 2374 leo-

312 2400 438 2431 tionem
459 2400 556 2431 codd.
580 2400 788 2430 retineamus.
814 2399 1002 2431 consensus
1028 2405 1078 2429 tot
1104 2397 1258 2429 codicum
1282 2397 1380 2428 nobis
1407 2404 1457 2428 est
1475 2396 1530 2428 lex
1552 2407 1653 2438 quam

308 2454 430 2484 violare
442 2476 451 2491 ‚
470 2454 499 2484 si
511 2464 582 2484 non
595 2453 732 2484 omnino
746 2452 837 2483 nefas
852 2459 901 2483 est
911 2475 921 2489 ‚
935 2458 970 2482 at
986 2451 1100 2482 saltem
1114 2452 1232 2483 leveet
1243 2450 1488 2482 inconveniens.
1503 2450 1653 2481 Comen-

308 2513 403 2536 tanea
418 2506 574 2537 codicum
588 2506 737 2547 plurium
749 2505 849 2536 lectio
868 2516 910 2536 ex
922 2505 1056 2536 diversis
1071 2503 1312 2546 exemplaribus
1324 2503 1522 2541 ductorum,
1537 2509 1570 2533 et
1582 2512 1655 2532 non

307 2558 497 2600 interrupta
511 2559 688 2590 traditione
700 2559 743 2590 ad
754 2569 815 2589 nos
826 2568 931 2599 usque
948 2564 1153 2588 servatorum
1162 2579 1172 2595 ,
1182 2556 1258 2598 plus
1270 2555 1370 2593 valet,
1383 2561 1420 2586 ut
1428 2555 1496 2597 jam
1507 2554 1655 2585 diximus

307 2611 344 2642 in
356 2613 377 2642 J
379 2612 527 2651 uvenale,
536 2623 637 2654 quam
648 2612 794 2643 virorum
804 2611 856 2643 vel
867 2610 1130 2642 doctissimorum
1140 2608 1383 2641 emendationes
1391 2615 1423 2640 et
1435 2607 1654 2650 conjectauea·

357 2665 398 2694 V.
427 2675 501 2695 102.
532 2666 628 2696 Tunc.
647 2665 729 2697 Cod.
754 2672 866 2696 noster
876 2686 886 2704 ‚
907 2672 983 2695 tum.
1007 2662 1188 2695 Britannici
1212 2661 1286 2694 cod.
1311 2668 1343 2693 et
1365 2667 1431 2693 vet.
1455 2660 1506 2692 ed.
1531 2667 1564 2692 et
1589 2659 1653 2692 tres

305 2715 379 2755 alii,
397 2715 482 2749 ltine.
499 2717 576 2750 Non
595 2717 678 2749 male
702 2724 799 2750 certe.
