1846 3184
340 238 394 284 32
669 244 720 284 A.
755 242 996 286 PERSII
1037 243 1287 286 FLACCI

396 322 512 366 Men'
532 335 700 366 moveat
716 325 878 383 quippe
889 357 900 379 ,
917 336 979 379 et,
996 336 1136 368 cantet
1153 326 1189 367 si
1207 327 1433 384 naufragus
1444 358 1456 379 ,
1473 340 1606 368 assem

395 398 685 442 Protulerim?
705 402 880 454 Cantas,
905 401 1035 443 fracta
1056 407 1155 443 cum
1174 412 1216 444 te
1234 402 1279 444 in
1301 403 1419 444 trahe
1438 403 1602 460 pictum

394 476 459 517 Ex
474 477 654 518 humero
675 479 835 535 portes!
855 479 1038 531 Verum,
1058 493 1135 521 nec
1156 489 1282 520 nocte
1299 489 1491 537 paratum
1621 495 1667 529 9⁹

394 551 608 606 Plorahit,
629 553 705 610 qui
727 568 795 595 me
810 554 922 595 volet
944 554 1184 596 incurvasse
1201 555 1386 612 querelfi.

770 645 1221 673 ADVERSARIUS.

393 703 476 747 Sed
499 705 687 747 numeris
704 704 832 747 decor
850 716 911 748 est
923 738 935 760 ,
952 717 994 749 et
1007 708 1203 763 junctura
1219 706 1362 748 addita
1378 705 1534 748 crudis.

334 833 471 880 populo
479 858 490 874 ‚
504 833 563 871 cui
576 831 767 867 credebant
777 833 975 867 Romulum

334 884 535 931 praesidere.
543 885 673 919 Similis
682 884 779 932 apud
785 886 806 919 J
807 899 912 921 uven.
919 898 975 920 ex-

336 939 496 973 clamatio
508 939 643 985 poetica
656 964 667 982 ,
684 947 747 972 sat.
763 939 800 971 ΙΙ
813 963 823 980 ,
836 952 869 973 v.
885 951 899 972 1
908 941 950 973 26
963 952 973 972 ε

336 1029 671 1039 ...........
693 1009 720 1037 Ο
733 1014 820 1049 pater
831 1009 925 1038 Urbis
937 1009 944 1038 ἔ

334 1057 425 1087 Unde
440 1055 524 1086 nefas
536 1062 654 1086 tantum
669 1056 763 1086 Latiis
776 1056 950 1096 pastoribus
960 1057 974 1085 i’

333 1151 404 1180 Haee
414 1104 537 1190 ιῑιῖἓὲἰῐ,
552 1150 701 1187 Gradive,
715 1156 783 1180 tuos
803 1150 901 1180 urtica
919 1160 973 1181 ne—

413 1203 503 1236 potes
512 1196 526 1225 Ρ

838 1239 879 1270 Α.

379 1303 438 1337 88.
460 1303 546 1334 Men'
561 1303 704 1344 moveat]
719 1301 825 1334 Mene
842 1300 887 1334 ad
904 1301 969 1335 mi-

332 1353 560 1389 sericordiam
588 1353 790 1399 provocet?
813 1353 967 1395 Quintil.

330 1407 490 1441 Institut.
508 1406 575 1438 XI.
596 1407 871 1438 Commoveacurne
884 1407 970 1449 quis-

331 1471 430 1501 quam
449 1455 664 1502 ejusfiirtum‘z‘
673 1481 684 1495 ,
698 1469 793 1498 quem
815 1458 970 1488 tumidum

331 1524 372 1543 ac
382 1512 616 1554 suijactantem
626 1533 636 1547 ,
649 1518 683 1541 et
696 1510 897 1541 ambitiosum
909 1510 972 1541 ins·

331 1565 456 1596 τίων-ειη
470 1562 661 1604 eloquentia·
680 1562 713 1593 in
737 1562 872 1603 ancipiti
888 1570 971 1593 sorte

330 1617 474 1648 videat?
500 1615 572 1646 Non
586 1626 598 1645 .-
622 1614 737 1651 immo,
761 1614 864 1645 oderit
881 1625 971 1645 reum

331 1670 438 1701 ‘verba
460 1675 693 1712 aucupantem,
720 1675 751 1698 ee
773 1667 910 1699 anxium
931 1668 972 1698 de

322 1723 424 1764 fama
451 1722 595 1765 ingenii,
620 1729 654 1752 et
681 1721 736 1752 cui
763 1721 879 1752 diserto
910 1732 973 1752 esse

330 1783 440 1807 vacet.

379 1827 435 1871 89.
464 1826 585 1859 Cantas
595 1828 632 1870 l]
656 1825 688 1858 Ο
713 1823 821 1858 Pedi!
841 1823 972 1858 florido

330 1881 367 1914 in
378 1891 540 1914 sermone
548 1878 642 1912 ludis
649 1902 659 1918 ‚
669 1880 752 1912 cum
761 1886 875 1911 tamen
887 1889 972 1911 mox

331 1934 378 1967 ob
401 1932 549 1966 crimina
567 1931 771 1966 *movendus
799 1930 871 1964 sis!
898 1943 971 1964 non

331 1986 478 2021 demens
486 1985 620 2026 minus,
631 1987 739 2031 quam
750 1984 814 2030 qui
824 1992 971 2030 portans

329 2039 489 2074 humeris
520 2037 677 2071 tabulam
712 2037 768 2070 sui
797 2036 972 2083 naufragii

329 2100 444 2128 cantat
450 2091 823 2126 hannem—Fracta...
831 2091 864 2122 in
871 2093 971 2122 trabe.

330 2146 375 2179 In
387 2144 534 2179 tabella:
551 2155 634 2176 nam
651 2142 776 2176 tabella
794 2150 847 2175 est
862 2142 970 2175 trabis

329 2189 579 2244 fragmentum.
600 2196 653 2228 De
675 2206 774 2228 more
796 2194 864 2227 isto
884 2205 970 2227 nau·

329 2251 524 2296 fragorum,
531 2246 604 2282 vid.
613 2246 659 2281 ad
665 2248 687 2281 J
691 2259 794 2282 uven.
801 2254 861 2280 sat.
869 2246 969 2287 XIV,

328 2316 365 2338 v.
383 2303 447 2336 301
461 2326 471 2343 ,
488 2301 567 2336 302.
585 2301 627 2334 A.

377 2368 436 2401 9⁰·
458 2354 598 2400 Verum]
619 2353 773 2400 Supple,
791 2353 971 2400 ploratum

328 2408 507 2455 plorabit,
525 2419 592 2441 nec
617 2406 763 2448 fictum,
782 2418 848 2441 nec
868 2414 971 2441 nocte

328 2470 501 2507 paratum.
516 2459 636 2494 Horat.
651 2459 688 2493 in
701 2460 785 2493 Arte
798 2459 898 2493 Poet-

332 2541 339 2548 .
366 2541 373 2547 .
398 2541 405 2548 .
432 2541 439 2548 .
460 2517 546 2547 Sivis
555 2527 604 2558 me
615 2517 710 2554 flere,
726 2517 893 2547 dolendum
904 2522 951 2548 est

327 2566 463 2595 Primum
475 2565 535 2605 ipsi
547 2565 605 2594 tihi
610 2584 911 2595 ..........

1024 836 1176 868 —Noete
1181 844 1347 878 paratum.
1361 834 1501 868 Dicitur
1513 833 1663 882 Dionys.

1027 888 1254 923 Halicarnass.
1279 890 1314 922 ἐκ
1337 891 1540 927 κατασκευῆς
1562 889 1664 933 λέγειν

1027 939 1080 974 καὶ
1106 941 1377 987 μεμηχανευμένα
1403 942 1480 987 πρὸς
1508 940 1637 976 ἀπάτην
1655 965 1667 983 ‚

1028 993 1168 1038 qualem
1191 992 1297 1026 fuisse
1315 992 1416 1026 aiunt
1439 992 1518 1026 Isaei
1538 992 1666 1026 oratio·

1026 1057 1118 1078 nem.
1127 1045 1239 1078 Nocte
1248 1045 1371 1091 igitur,
1381 1044 1420 1078 id
1430 1053 1497 1087 est,
1504 1053 1584 1079 ante
1594 1057 1667 1079 me·

1026 1097 1177 1132 ditatum
1187 1106 1222 1132 et
1231 1106 1305 1133 arte
1319 1097 1521 1132 confictum.
1534 1099 1572 1133 C.
1581 1107 1616 1133 et
1625 1098 1664 1132 P.

1071 1185 1129 1218 91.
1152 1175 1217 1217 Qui
1230 1187 1280 1206 me
1293 1175 1386 1207 volet
1396 1175 1572 1206 incurvasse
1583 1187 1665 1218 que-

1023 1226 1118 1270 rem]
1144 1229 1346 1265 Incurvasse,
1369 1225 1547 1272 eleganter
1561 1250 1572 1267 ‚
1596 1238 1666 1272 pro

1022 1279 1172 1313 flexisse.
1197 1279 1322 1313 Senec.
1352 1279 1497 1314 Consol.
1526 1278 1573 1313 ad
1597 1279 1666 1313 Po-

1021 1332 1184 1379 lybium:
1206 1334 1362 1376 intelliges
1387 1345 1452 1365 non
1479 1333 1583 1376 magis
1608 1331 1670 1365 tibi

1022 1386 1184 1418 incurvari
1203 1386 1319 1423 licere,
1343 1382 1445 1427 quinti
1463 1386 1530 1424 illi,
1543 1386 1572 1417 εἰ
1592 1386 1666 1428 quis

1021 1437 1114 1468 modo
1127 1444 1175 1467 est
1185 1459 1196 1473 ,
1209 1437 1298 1479 cujus
1310 1436 1450 1467 humeris
1463 1437 1598 1468 mundus
1615 1437 1665 1468 in·-

1022 1490 1143 1521 uitz'tur.
1151 1488 1287 1522 C.-Ita
1296 1487 1456 1522 satiricus
1463 1496 1597 1531 noster,
1604 1491 1670 1520 Art

1022 1541 1144 1581 Ροὲιίᾳ.
1164 1540 1265 1571 cham
1282 1541 1338 1577 II,
1359 1537 1405 1572 de
1431 1538 1476 1572 iis
1502 1539 1567 1585 qui
1590 1551 1665 1573 am-

1021 1591 1166 1638 pullatis
1178 1591 1296 1626 verbis
1310 1590 1472 1625 dolorem
1484 1603 1590 1625 suum
1603 1603 1664 1626 ex-

1021 1652 1184 1691 primunt
1198 1656 1206 1676 :

1024 1720 1107 1748 Tous
1116 1728 1166 1749 ces
1177 1728 1260 1748 amas
1271 1728 1430 1760 pompeux
1438 1718 1666 1758 &expressions

1104 1766 1232 1796 frivoles

1023 1813 1100 1843 Sont
1117 1813 1193 1843 d'un
1212 1812 1419 1843 de'clamteur
1439 1822 1607 1843 amour-eux
1624 1812 1664 1843 de

1103 1859 1236 1899 paroles.

1023 1907 1051 1936 11
1061 1906 1127 1938 faut
1139 1906 1214 1936 dans
1229 1907 1261 1936 la
1278 1906 1411 1937 douleu-
1426 1916 1488 1947 que
1500 1916 1577 1937 vous
1588 1916 1665 1937 vous

1102 1954 1247 1994 abuissiez
1259 1964 1267 1983 t

1022 2002 1105 2031 Pour
1121 2011 1170 2030 me
1188 2002 1265 2031 tii-er
1281 2001 1336 2032 des
1351 2002 1470 2043 pleurs,
1483 2001 1507 2031 il
1522 2001 1589 2031 faut
1602 2011 1664 2042 que

1104 2058 1178 2077 vous
1190 2049 1340 2087 pleuriez.

1024 2096 1080 2126 Ces
1102 2095 1213 2135 grands
1230 2101 1311 2125 mots
1335 2094 1414 2124 dont
1433 2093 1516 2124 alors
1534 2094 1663 2124 l’acteur

1103 2142 1215 2181 emplit
1227 2152 1259 2172 sa
1270 2141 1406 2177 bouche‚

1023 2190 1071 2219 Ne
1081 2195 1205 2228 partent
1215 2189 1305 2228 point
1316 2188 1391 2218 d’uu
1401 2198 1484 2218 σαω-
1495 2197 1556 2228 que
1566 2197 1597 2226 ⁸5¹
1606 2187 1663 2217 mi-

1103 2246 1170 2265 sere
1184 2235 1306 2265 touche.

1068 2316 1089 2348 9
1095 2317 1112 2338 2
1119 2329 1126 2337 .
1139 2305 1203 2336 Sed
1209 2304 1347 2336 numeris
1354 2302 1464 2341 decor,
1474 2304 1545 2346 eta]
1556 2301 1661 2336 Hunc

1021 2367 1166 2390 versum
1185 2355 1323 2401 profert
1348 2353 1564 2388 adversarius
1582 2354 1661 2388 vul-

1022 2409 1160 2455 garium
1177 2412 1364 2455 poetarum
1382 2419 1522 2442 causam
1539 2419 1659 2454 agens.

1022 2463 1196 2495 —Crudis.
1221 2460 1266 2495 Id
1289 2468 1340 2494 est
1352 2485 1363 2503 ,
1380 2460 1559 2501 numeris,
1578 2471 1659 2494 ver-

1021 2515 1119 2549 sibus
1136 2515 1233 2558 istis,
1251 2527 1340 2561 quos
1355 2522 1394 2548 tu
1412 2512 1562 2554 crudos,
1581 2512 1657 2546 scil.

1020 2581 1094 2603 non
1106 2569 1186 2603 satis
1199 2569 1330 2617 politos
1345 2579 1460 2605 vocas.
1476 2567 1517 2602 C.
1534 2574 1570 2602 et
1582 2566 1626 2599 A.

372 2668 414 2697 V.
434 2676 489 2706 91.
510 2668 704 2700 Incurvasse.
721 2666 803 2700 Cod.
821 2672 952 2707 noster,
971 2665 1148 2698 incurvare.
