1846 3184
480 265 485 269 ’
517 297 605 340 Au
643 295 997 341 SULPICIAE
1043 294 1355 339 εΑΤιΒΑΜ.
1518 299 1603 342 215

261 383 303 420 in
321 381 524 420 homiuum
540 379 665 418 lustro
687 378 826 431 reponi
842 378 958 430 digna
968 407 982 426 ‚
1000 377 1153 429 solique
1169 378 1309 416 Achivi
1327 378 1448 417 modo
1465 378 1607 418 huma-

261 446 392 485 nitatis
408 444 525 484 laude
540 444 693 483 censeri
706 443 868 496 possint.

259 556 298 582 v.
314 542 383 591 [ἧι.
395 538 525 581 Nunc
537 571 550 592 ,
571 537 817 598 Capitolino
834 537 968 579 veluti
983 536 1187 578 turbante
1204 514 1386 579 Camillo
1398 568 1411 589 ‚

394 604 581 646 Ensibus
598 614 641 647 et
661 603 825 646 trutina
842 602 955 646 Galli
972 602 1121 661 fugere
1141 601 1289 644 relicta
1300 634 1313 655 ,
1330 602 1428 660 etc.]

308 697 494 735 Camillus
505 697 610 735 enim
622 696 757 735 Gallos
767 697 808 734 in
819 696 972 748 captivo
986 709 1082 733 auro
1097 695 1307 747 pendendo
1320 694 1474 734 deditos
1483 704 1601 747 atque

254 769 465 812 occupatos
477 761 527 799 de
541 761 751 812 improviso
765 760 926 798 adortus
938 760 1065 797 Roma
1079 758 1241 810 pepulit.
1255 758 1371 799 Proin
1384 787 1395 804 ‚
1409 760 1598 807 turbante,

254 825 331 864 boc
362 826 452 864 loco
467 855 479 872 ‚
510 827 689 867 absolute
716 826 887 877 positum
922 824 1143 862 observabis
1161 838 1170 859 :
1200 825 1255 861 sic
1287 823 1433 862 Coelius
1461 825 1511 862 ad
1542 828 1600 868 M.

253 890 452 928 Tullium:
469 893 527 928 M.
545 892 739 937 Servilius,
748 899 958 940 postquam
979 898 1022 925 ut
1034 898 1226 938 caeperat,
1245 890 1286 925 in
1300 890 1412 925 mbas
1427 890 1600 926 omnibus

251 956 437 993 turbarat.
458 954 534 993 Sed
555 954 696 992 clarius
712 952 911 1005 aliiquanto
930 953 1090 991 Plautus
1107 961 1239 991 noster
1257 949 1437 996 Bacchid.

488 1032 615 1064 Tui-bat
633 1043 739 1075 equus
755 1031 863 1074 lepide
880 1031 1012 1074 ligneus
1026 1042 1035 1062 ε

254 1109 294 1139 et
318 1101 461 1153 passim
486 1100 592 1139 alibi.
618 1101 767 1148 Etiam,
787 1102 937 1138 ensibus
963 1099 1117 1152 scripsi,
1139 1100 1269 1151 spreta
1292 1113 1426 1137 earum
1453 1099 1598 1137 editio-

251 1178 350 1203 num
378 1165 570 1217 scriptura
584 1194 596 1212 ‚
626 1179 714 1216 quae
744 1166 916 1202 lancibus
946 1164 1113 1210 habent,
1137 1172 1183 1201 ut
1210 1164 1391 1215 respiciat
1417 1163 1468 1201 ad
1497 1163 1599 1203 illud

250 1229 398 1267 scilicet
411 1258 422 1275 ‚
448 1228 579 1281 quod,
604 1230 731 1267 Roma
757 1229 869 1281 capta
897 1229 947 1266 ab
978 1228 1117 1273 iisdem
1143 1227 1365 1267 Senonibus
1393 1226 1472 1265 illis
1498 1241 1599 1279 quos

250 1293 355 1340 dixi,
375 1295 550 1331 Brennus
575 1306 713 1332 eorum
738 1306 826 1339 rex,
849 1292 947 1330 dum
970 1305 1113 1330 aurum
1134 1306 1183 1330 ex
1201 1300 1317 1344 pacto
1336 1291 1596 1342 appenditur,

250 1357 301 1395 de
319 1357 453 1409 iniqua
469 1356 689 1409 ponderum
710 1358 908 1395 exactione
930 1351 1119 1408 quaerenti
1139 1359 1216 1408 Ap.
1235 1355 1402 1395 Claudio
1413 1383 1426 1403 ,
1443 1355 1595 1404 adjecto

248 1420 298 1458 ad
316 1421 489 1472 pondera
509 1421 661 1473 gladio,
681 1420 946 1473 responderit:
970 1423 1041 1457 Voe
1056 1423 1166 1458 victis·
1177 1423 1194 1456 !

247 1535 287 1561 v.
301 1522 372 1578 47.
385 1521 543 1562 Caetera
563 1530 606 1562 et
622 1520 695 1562 illa
710 1535 863 1562 manus
878 1517 1593 1577 fecunda(alsacw1da)secundo.]

299 1612 453 1651 Bellum
471 1614 663 1652 Punicum
680 1613 898 1652 secundum
915 1613 1119 1664 intelligit,
1141 1613 1220 1663 qua
1237 1620 1465 1664 tempestate
1483 1612 1595 1650 efflo-

245 1689 393 1715 rescere
412 1678 579 1715 maxime
591 1706 603 1723 ,
621 1691 766 1727 aesese
785 1677 970 1715 extollere
982 1709 986 1711 .
997 1685 1200 1728 coeperunt
1222 1678 1397 1722 Romam
1414 1676 1567 1728 ingenia
1578 1703 1593 1721 ‚

241 1741 353 1791 juxta
367 1741 507 1778 veteris
521 1741 627 1785 illam
644 1745 768 1792 poe‘tae
783 1741 1011 1778 sententiam
1026 1755 1036 1776 :

481 1819 609 1849 Punico
627 1818 716 1849 bello
735 1819 883 1850 secundo
901 1819 999 1850 Musa
1018 1825 1164 1861 pennam
1183 1818 1289 1861 gradu

479 1870 601 1901 Intulit
618 1881 653 1901 se
670 1870 861 1903 bellicosam
878 1871 1015 1902 Romuli
1030 1871 1197 1914 ingentem
1214 1870 1327 1901 feam.

247 1937 376 1975 Habes
394 1951 512 1989 porro
527 1953 537 1975 t

244 2051 284 2077 v.
309 2036 379 2087 48.
401 2037 521 2091 Quos
546 2038 658 2081 inter
682 2038 814 2080 Prisci
841 2039 1051 2081 sententia
1080 2038 1154 2081 dia
1181 2038 1398 2095 Catonis.]

243 2131 385 2177 Pnlrci,
406 2130 472 2168 hic
498 2145 579 2171 uon
606 2132 823 2183 epithetum
850 2141 927 2179 est,
950 2133 1019 2171 sed
1044 2141 1350 2184 cognomentum
1373 2142 1454 2180 quo
1472 2143 1495 2167 a
1513 2132 1595 2168 Ro-

243 2195 368 2231 manis
396 2194 602 2246 insignitus
631 2197 747 2241 cato,
772 2204 909 2234 auctor
935 2197 1192 2243 Plutarchum
1217 2209 1265 2233 eo
1295 2195 1408 2240 dico,
1431 2207 1480 2231 ne
1507 2194 1598 2244 quis

244 2257 321 2296 hoc
340 2258 470 2310 ipsum
488 2259 538 2297 ad
555 2261 719 2298 censorii
738 2261 846 2310 illius
863 2269 1015 2298 aemtem
1040 2261 1137 2298 falso
1156 2260 1349 2311 pertinere
1366 2258 1599 2309 persuadeat

247 2323 341 2360 sibi:
362 2337 491 2376 neque
510 2324 622 2362 aliter
637 2325 788 2363 Homii
808 2325 919 2362 locus
936 2325 1185 2374 accipiendus
1197 2353 1208 2370 ‚
1228 2324 1318 2360 libri
1334 2325 1414 2368 m,
1433 2322 1500 2360 od.
1518 2335 1564 2359 21
1583 2335 1597 2361 ε

671 2414 831 2444 Narratur
848 2420 881 2443 et
898 2413 1003 2443 Prisci
1020 2413 1157 2444 Catonis

668 2468 760 2507 Saepe
778 2476 870 2496 mero
888 2465 1026 2496 caluisse
1046 2465 1164 2495 virtus.

247 2542 317 2578 ubi
344 2544 468 2580 Prisci
493 2546 649 2582 Catonis
675 2548 851 2582 virtutem
885 2558 957 2595 pro
986 2546 1131 2582 Catone
1157 2545 1245 2594 ipso
1275 2557 1426 2583 summa
1451 2544 1596 2583 virtute

252 2606 415 2656 praedito
434 2609 598 2658 positam
618 2622 747 2660 operae
765 2610 935 2660 pretium
952 2617 1010 2645 est
1022 2605 1239 2646 observare.
1257 2609 1424 2647 Proinde
1440 2618 1479 2648 et
1492 2611 1599 2661 capi-

253 2669 323 2708 tali
350 2670 477 2709 littera
499 2673 712 2724 utrobique
744 2673 1005 2712 scribendum.
1035 2673 1111 2712 Sed
1140 2681 1180 2729 et
1208 2682 1449 2725 postremum
1477 2675 1598 2714 hexa-
