1846 3184
468 278 556 326 nx
582 259 791 330 uno
813 278 1043 329 xxvm
1065 278 1279 322 sunt„
1459 282 1543 340 295

843 362 865 400 1
874 362 908 401 1.

252 428 476 467 ontionem
489 426 613 466 ficem
631 424 840 477 compendi
856 432 1011 478 potest3

252 493 358 531 Solvi
371 492 468 531 dum
485 491 591 530 salvo
608 491 650 530 in
665 499 774 543 tergo
786 519 798 538 ‚
817 498 857 528 et
875 490 974 549 gergi
991 502 1071 528 non
1089 489 1196 527 licet.

815 557 837 592 1
848 557 867 592 1
878 557 911 593 1.

251 620 437 660 Polemon
449 629 489 659 et
500 620 640 659 amavit
654 621 807 658 etatem
815 648 828 666 ‚
842 618 990 658 et‘huic
1004 617 1212 670 tranqmisit
1223 630 1333 656 suam
1345 615 1519 658 scholam
1527 649 1539 667 ‚

201 697 320 735 quam
338 684 503 723 ducunt.

825 737 906 774 IV.
935 743 939 746 ’

249 803 497 852 Quapropter
512 809 661 838 certum
682 808 741 838 est
757 800 882 839 facere
899 809 1033 851 eontra
1049 808 1089 838 et
1106 800 1286 852 persequi
1298 827 1312 847 ,

247 865 298 902 Et
316 878 458 903 nomen
477 865 626 902 deferre
635 877 637 879 ·
647 864 873 955 hominis.V

249 981 392 1018 Omnia
406 981 557 1018 viscatis
573 981 751 1018 manibus
771 983 896 1032 leget,
913 981 1043 1019 omnia
1060 990 1206 1027 sumet,

245 1045 367 1083 Crede
382 1044 498 1091 mihi,
515 1057 646 1096 presse
661 1045 811 1083 auferet
829 1046 969 1084 omnis.

823 1112 859 1147 V
868 1111 902 1147 1.

244 1175 300 1211 Ut
313 1173 345 1210 si
359 1173 583 1224 progeniem
599 1173 798 1225 antiquam
808 1201 820 1220 ,
837 1172 915 1225 quai
930 1182 989 1211 est
1002 1173 1188 1212 Maximu'
1204 1173 1397 1221 Quinctus
1407 1202 1421 1221 ‚

245 1235 333 1283 Qua
347 1237 534 1275 varicosu‘
554 1245 700 1275 vati-ax.

806 1293 841 1327 V
850 1292 869 1328 Ι
883 1292 914 1328 1.

251 1379 999 1391 .............................
1019 1354 1189 1406 sospitat
1198 1383 1211 1401 ‚

242 1417 420 1468 Impertit
436 1417 599 1455 salutem
616 1418 825 1470 plurimam
836 1447 848 1464 ,
866 1426 906 1456 et
921 1418 1202 1470 plenissimam.
1254 1418 1266 1426 ²

793 1484 829 1518 V
838 1483 859 1519 1
870 1483 890 1519 Ι
899 1483 932 1519 Ι.
943 1514 949 1519 .

240 1545 402 1584 Doctior
426 1546 573 1584 caeteris
600 1545 801 1584 isasamitis
828 1553 958 1584 mutes
984 1547 1118 1598 aliquo
1142 1555 1274 1584 tecum
1298 1558 1403 1584 sacra
1432 1546 1532 1585 sacta

189 1617 296 1663 vitia.

221 1668 224 1670 ’
814 1664 834 1699 Ι
846 1664 897 1700 X.

241 1725 480 1764 socraticum
498 1726 599 1777 quid,
612 1734 700 1763 ante
717 1733 880 1776 tyranno
898 1725 1045 1769 misisse
1058 1725 1302 1776 Aristippum
1313 1733 1528 1770 autumant.

825 1791 877 1826 X.

239 1853 460 1891 Concedere
477 1866 601 1890 unum
612 1881 627 1900 ‚
640 1860 757 1903 atque
771 1853 812 1890 in
826 1866 874 1891 eo
890 1853 1040 1900 dicere,
1055 1867 1137 1905 quo
1152 1862 1357 1905 superatur
1369 1867 1521 1893 manus.

815 1919 857 1955 X
866 1919 899 1955 1.

239 1980 312 2018 Vel
329 1979 362 2017 si
376 1977 452 2016 alio
471 1991 571 2029 opus
588 1979 637 2016 sit
655 1979 775 2025 forte,
794 1980 826 2017 si
843 1980 936 2018 hinc
953 1981 1090 2033 aliquo
1106 1981 1281 2020 cesseris.

798 2046 839 2081 X
849 2047 868 2082 Ι
879 2047 911 2082 Ι.

238 2107 339 2145 Hinc
355 2106 406 2145 ad
422 2119 507 2153 me,
521 2106 614 2145 hinc
625 2107 718 2145 lieet
734 2120 831 2145 anus
848 2121 1005 2147 rursum
1020 2109 1071 2147 ad
1087 2110 1298 2148 armillum.

774 2173 815 2209 X
827 2174 846 2209 1
860 2174 880 2209 1
894 2174 926 2211 Ι.

234 2234 407 2273 Minitari
422 2243 554 2287 aperte
572 2234 715 2287 Qpitis·
724 2235 923 2275 dicturum
942 2236 1061 2275 diem.

233 2369 267 2390 ι.
282 2359 430 2392 Nonius:
453 2360 574 2402 Terga,
593 2358 702 2392 dorsa.
932 2372 961 2400 7.
979 2359 1127 2391 Nonius:
1141 2359 1299 2401 Impenie.

235 2411 267 2441 3.
276 2411 424 2443 Nonius:
440 2412 675 2450 flamminea,
683 2411 809 2443 tradere
818 2433 829 2449 ,
929 2414 961 2444 8.
979 2413 1129 2444 Nonius:
1145 2414 1273 2444 Mutare
1281 2435 1294 2451 ,
1307 2414 1495 2446 transferre.

188 2462 424 2504 derelinquere.
929 2477 961 2508 9.
976 2467 1106 2497 Nonius
1114 2489 1124 2505 ‚
1138 2468 1317 2498 Aueumam
1328 2474 1377 2499 est
1387 2468 1507 2500 diocte.

235 2521 267 2552 4.
275 2514 365 2545 Non.
373 2515 520 2559 Desa-re,
530 2517 672 2548 celatum
680 2516 828 2559 prodere.
932 2530 945 2550 ι
952 2530 984 2550 o.
1002 2519 1154 2550 Nonius:
1174 2520 1352 2552 &ut-edem
1360 2543 1373 2558 ,
1395 2521 1528 2554 ereda·

237 2569 269 2599 5.
296 2567 429 2601 Noni-u
448 2581 457 2601 :
482 2572 603 2613 Legem
617 2593 629 2608 ‚
658 2570 829 2612 surripere-
882 2572 936 2604 vel
953 2573 1153 2604 consentire.

189 2619 304 2651 Idem:
323 2621 452 2653 &amere
463 2630 511 2654 eet
524 2624 672 2666 accipere
682 2645 693 2662 ,
705 2623 830 2655 tollere.
932 2633 947 2653 1
957 2633 985 2653 ¹.
1002 2622 1153 2654 Nonius:
1170 2623 1285 2655 ceam
1292 2647 1305 2662 ‚
1318 2624 1478 2657 readm-

236 2672 269 2703 6.
282 2672 429 2703 Nonius:
450 2674 575 2708 Vama·
587 2683 621 2710 et
631 2675 811 2709 vacrin-osus
818 2697 831 2714 ,
934 2686 947 2705 ι
955 2685 986 2706 2.
1002 2675 1151 2707 Nonius:
1164 2677 1346 2709 Annium.

189 2724 330 2768 pedibus
349 2725 484 2758 vitiosis.
935 2729 986 2760 13.
1004 2729 1152 2761 Nonius:
1167 2730 1300 2769 Dicere,
1316 2730 1524 2763 denuntiare.
