1846 3184
286 249 341 298 40
625 250 675 291 A.
712 248 958 293 PERSII
999 251 1254 295 FLACCI

343 329 488 372 Iliade.
510 330 672 373 Audaci
691 333 954 391 quicumque
976 332 1112 376 afflate
1132 336 1329 388 Cratino,

342 406 504 447 Iratum
524 407 778 465 Eupolidem
799 409 1035 467 praegrandi
1055 425 1152 451 cum
1171 426 1268 453 sene
1286 410 1416 468 palles
1430 443 1442 465 ‚

341 481 497 538 Aspice
514 492 555 523 et
571 482 659 523 haec
670 514 681 535 ,
701 483 737 523 si
755 483 863 525 forte
880 484 1042 541 aliquid
1059 485 1272 528 decoctius
1289 486 1422 528 audis.
1542 490 1606 526 125

342 555 449 598 Inde
466 558 662 614 vaporata
682 558 812 599 lector
829 559 934 600 mihi
956 560 1112 602 ferveat
1130 576 1230 603 aure
1241 592 1252 614 ‚

285 696 426 732 opertum
437 715 447 729 ‚
462 691 521 723 hoc
541 692 644 723 ridere
661 703 764 723 meum
780 700 844 723 tarn
857 693 922 731 nil,

286 743 377 775 mdld
405 746 463 776 tibi
477 768 487 783 ‚
511 753 568 776 etc.
598 744 697 789 quasi
722 744 787 776 ista
812 743 856 777 ad
883 744 921 778 id

286 795 386 841 quod
401 809 506 842 supra
523 796 616 830 dixit
632 796 822 830 dicterium
833 822 844 839 ‚
862 810 923 829 au-

286 850 404 881 riculas
425 852 509 882 asini
529 853 620 882 Mida
644 862 703 882 rex
728 852 842 890 habet,
861 850 922 884 de·

284 901 392 935 beant
406 902 542 935 referri.
558 903 692 948 Injusta
706 911 758 936 est
770 904 846 949 ejus
858 903 923 936 cri-

285 955 452 989 minatio:
465 958 761 1002 nam,pcrlzocego
768 965 922 998 opertum,

287 1017 322 1041 et
336 1011 372 1042 τὸ
385 1010 489 1040 ridere
504 1007 606 1040 mentiz
620 1017 685 1040 tam
699 1010 763 1046 nil,
779 1023 794 1037 «x
803 1008 923 1041 satiras

289 1078 303 1090 κ
319 1073 398 1094 suas
425 1061 604 1106 eleganter
630 1062 811 1107 περιφράζει
831 1086 842 1103 ,
867 1061 923 1094 in-

288 1128 303 1141 «
320 1112 399 1158 quit
414 1112 641 1146 Casaubonus
652 1137 662 1152 ‚
679 1112 815 1146 duabus
830 1112 927 1146 adhi-

289 1182 303 1194 ιι
320 1166 403 1198 bitis
429 1166 523 1199 notis
545 1178 553 1198 :
581 1164 677 1212 quod
708 1165 753 1199 sit
781 1178 922 1199 carmen

289 1235 303 1247 «ι
320 1227 487 1264 opertum
499 1244 509 1260 ,
525 1227 560 1252 et
578 1218 623 1253 ad
642 1218 859 1252 movendum
876 1218 924 1251 ri-

289 1287 304 1300 «
320 1283 397 1304 sum
431 1272 646 1317 appositum.
681 1271 796 1312 Quam
832 1271 924 1304 belle

289 1339 304 1352 ι
319 1323 394 1357 haec
414 1331 576 1357 naturam
599 1324 672 1369 ejus
696 1322 834 1369 generis
851 1335 927 1356 car·

290 1392 305 1405 κ
321 1376 458 1409 minum
479 1374 666 1421 aperiunt!
685 1390 699 1404 ι
725 1374 782 1407 Sic
799 1378 925 1420 poeta:

285 1432 381 1459 meas
404 1426 544 1465 satiras,
569 1437 683 1458 meam
709 1424 800 1458 hanc
822 1424 927 1457 liber-

287 1487 396 1512 tatem
413 1477 577 1521 ridendi,
595 1490 675 1524 quae
696 1477 762 1512 tibi
783 1485 855 1511 tam
875 1477 928 1510 vi·

286 1531 339 1565 les
368 1531 541 1566 videntur
561 1555 573 1572 ‚
605 1543 764 1577 quasque
794 1530 929 1563 nullius

287 1584 398 1629 pretii
427 1583 523 1629 apud
554 1584 731 1616 Romanos
762 1583 839 1616 fore
873 1581 929 1615 di-

288 1636 402 1678 xisti,
425 1637 525 1670 nulla
553 1635 619 1670 tihi
650 1634 768 1670 vendo
794 1634 929 1676 Iliade,

290 1703 359 1729 etc.
374 1721 383 1730 .
398 1721 406 1728 .
422 1721 430 1728 .
463 1695 551 1736 Quae
582 1693 730 1741 quidem
757 1693 931 1728 sententia

289 1747 426 1782 nedum
438 1748 573 1781 insulsa
587 1756 638 1781 est
652 1755 688 1781 et
703 1747 844 1792 inepta;
859 1746 930 1780 ele·

290 1813 376 1847 gans
402 1810 527 1835 contra
555 1800 637 1834 fluit
649 1826 660 1843 ,
683 1800 845 1847 jocisque
873 1811 928 1832 re·

292 1854 395 1887 ferta.
416 1854 455 1886 A.

288 1922 290 1924 ·
342 1917 357 1938 1
366 1905 417 1939 23.
426 1907 554 1949 Iliada]
564 1904 736 1938 Labeonis
745 1904 828 1937 Acci
837 1903 929 1937 scili—

292 1958 625 1999 cet.-—Quicnmq'ue‚
638 1966 694 1988 etc.
706 1956 808 1989 More
817 1955 932 2001 philo-

292 2010 487 2056 sophorum
496 2035 505 2050 ,
517 2009 656 2043 Persius
667 2007 800 2041 indicat
813 2007 932 2053 quales

292 2061 423 2096 habere
437 2061 555 2107 cupiat
570 2060 761 2094 auditores.
773 2059 931 2092 Scilicet:

294 2127 373 2148 mea
385 2139 396 2156 ‚
414 2106 555 2161 iuquit,
575 2114 706 2159 scripta
733 2112 825 2158 legat
851 2111 931 2158 qui-

295 2180 451 2214 cumque
468 2175 627 2201 assuetus
649 2166 759 2201 fuerit
777 2164 934 2211 legendis

296 2220 511 2255 carminibus
539 2219 675 2254 Cratini
689 2243 700 2260 ,
723 2217 911 2264 Eupolidis
923 2243 934 2261 ,

295 2272 548 2319 Aristophanis,
559 2272 623 2320 qui
632 2271 717 2307 vitia
727 2271 936 2305 Graecorum

297 2325 480 2360 mordicus
493 2337 666 2372 carpsere.
677 2324 871 2357 —Audaci.
884 2347 892 2355 .
904 2348 912 2356 .
925 2347 934 2356 .

300 2381 440 2412 Cratino.
453 2380 548 2413 Vere
566 2377 711 2412 audaci:
729 2389 811 2411 nam
828 2375 937 2409 comi-

299 2443 426 2466 corum
437 2432 505 2466 fuit
517 2439 552 2466 et
563 2431 778 2472 liberrimus,
786 2437 822 2464 et
833 2429 939 2463 male-

300 2481 940 2529 dicentissimus.Arist0ph.vet.schol·

298 2539 457 2583 Κρατῖνος
483 2540 498 2572 ὁ
530 2541 598 2577 τῆς·
614 2538 756 2576 παλαιᾶς
777 2532 941 2581 κομῳδίας

302 2591 437 2629 ποιητὴς
453 2591 511 2624 ἁτε
526 2586 568 2627 δὴ
591 2591 680 2624 κατὰ
693 2589 753 2629 τὰς
767 2583 940 2634 Ᾰρχιλόχου

302 2641 449 2683 ζητήσεις
487 2643 622 2689 αὐςῆρὸς
659 2645 730 2683 ταῖς
768 2638 940 2687 λοιδορίαις

976 695 1053 733 ἐςίν.
1068 696 1115 728 Οὐ
1130 694 1190 740 γὰρ
1205 695 1311 742 ὥσπερ
1332 690 1527 742 Ᾰριςσφοὶνης
1543 696 1612 730 ἔπι-

974 748 1094 792 τρέχειν
1126 748 1184 784 τὴν
1217 748 1307 794 χάριν
1337 750 1403 787 τοῖς
1434 749 1612 794 σκώμμασι

973 801 1078 841 ποιεῖ,
1095 803 1130 833 τὸ
1153 802 1293 846 φορτικὸν
1317 804 1374 840 τῆς
1397 801 1612 846 ἐπιτιμήσεως

973 848 1035 884 διὰ
1065 852 1185 891 ταύτης
1218 853 1373 898 ἀναιρῶν,
1403 854 1471 887 ἀλλ’
1503 854 1612 892 ἁπλῶς

973 902 1061 936 κατὰ
1087 905 1143 940 τὴν
1170 905 1343 951 παροιμίαν
1369 910 1472 951 γυμνῇ
1493 910 1534 950 τῇ
1558 919 1612 939 κε-

974 958 1058 1000 φαλῇ
1084 956 1186 992 τίθησι
1211 956 1271 996 τὰς
1300 958 1505 1004 βλασφημίας
1526 956 1614 992 κατὰ

976 1012 1038 1040 τῶν
1050 1009 1313 1054 ἁμαρτανόντων.
1321 1009 1486 1043 Cratinus
1496 1018 1615 1044 autem

976 1058 1156 1104 Eupolide
1195 1067 1230 1092 et
1268 1060 1501 1106 Aristophane
1528 1061 1618 1094 anti·

978 1111 1097 1157 quior,
1112 1119 1215 1145 natus
1225 1112 1371 1146 Athenis
1381 1137 1392 1154 ,
1407 1121 1442 1147 et
1457 1112 1616 1147 floruisse

977 1173 1058 1198 ante
1072 1165 1206 1198 bellum
1217 1164 1570 1211 Peloponnesiacum,
1581 1173 1617 1200 et

975 1218 1103 1252 vixisse
1136 1217 1181 1251 ad
1217 1230 1351 1252 annum
1383 1219 1617 1252 centesimum

977 1283 1046 1304 suae
1065 1272 1174 1304 aetatis
1193 1271 1336 1309 dicitur.
1354 1272 1394 1307 C.
1411 1280 1446 1306 et
1458 1272 1499 1306 P.

1028 1335 1043 1357 1
1051 1328 1103 1364 24.
1114 1328 1239 1357 Iratum
1251 1327 1461 1369 Eupolidem]
1473 1325 1521 1367 Is,
1534 1326 1618 1359 cum

980 1377 1142 1411 versibus
1168 1377 1385 1412 Alcibiadem
1415 1379 1596 1413 laceratsset
1607 1402 1618 1421 ‚

981 1429 1019 1462 in
1042 1442 1136 1463 mare
1157 1430 1200 1463 ab
1225 1442 1267 1471 eo
1289 1431 1529 1477 praecipitatus
1551 1438 1618 1465 est.

982 1481 1056 1515 Cic.
1076 1483 1176 1528 epist.
1192 1484 1211 1515 I
1223 1482 1268 1516 ad
1281 1484 1353 1517 Att.
1371 1484 1432 1516 lib.
1447 1484 1500 1516 VI
1514 1496 1522 1516 ε
1545 1484 1622 1526 Quis·

981 1548 1046 1567 non
1057 1536 1143 1568 dixit
1153 1537 1299 1579 Eupolim
1306 1560 1317 1574 ‚
1329 1538 1372 1568 ab
1382 1538 1552 1569 Alcibiade
1560 1550 1620 1570 na-

981 1589 1106 1631 vigante
1121 1590 1153 1620 in
1167 1590 1306 1621 Siciliam
1317 1613 1327 1627 ,
1341 1590 1495 1633 dejectum
1513 1602 1576 1623 esse
1587 1591 1622 1622 in

982 1645 1094 1672 mare?
1102 1642 1346 1685 ——Praegrandi
1350 1653 1423 1674 cum
1430 1654 1516 1674 sene.
1527 1641 1623 1675 Aris-

984 1691 1159 1737 tophane,
1182 1704 1290 1738 quem
1313 1704 1433 1726 senem
1454 1700 1558 1728 vocat
1575 1693 1623 1727 ob

982 1744 1169 1778 monendi*
1186 1744 1468 1792 increpandique
1506 1753 1624 1792 partes

983 1809 1070 1843 quas
1079 1798 1228 1832 sustinet
1240 1798 1277 1831 in
1292 1798 1432 1832 fabulis.
1445 1798 1491 1832 Hi
1503 1808 1624 1834 autem

982 1857 1053 1884 tres
1072 1851 1173 1884 fuere
1190 1851 1319 1886 veteris
1340 1850 1520 1886 comoediae
1542 1851 1626 1886 scri-

980 1907 1270 1949 ptores-Palles.
1282 1905 1391 1939 Recte
1398 1930 1408 1945 ‚
1419 1916 1487 1950 pro
1495 1903 1624 1939 studiis

983 1955 1071 1989 adeo
1085 1956 1263 1991 incumbis
1273 1981 1283 1999 ,
1298 1965 1340 1991 ut
1354 1957 1527 2003 pallorem
1538 1956 1624 1992 inde

985 2007 1182 2050 contrahas;
1195 2020 1302 2053 quam
1312 2007 1506 2042 dictionem
1515 2008 1627 2043 nostri

986 2068 1214 2105 acceperunt.
1230 2061 1383 2100 Boileau‚
1398 2070 1463 2096 sat.
1480 2061 1575 2094 VIII
1589 2073 1599 2093 :

985 2116 1082 2156 Aprbs
1101 2117 1181 2154 cela,
1201 2117 1346 2154 docteux',
1361 2128 1400 2148 va
1422 2117 1503 2157 palii·
1523 2128 1574 2147 sur
1594 2117 1624 2147 ln

1067 2164 1164 2194 Bible.
1415 2166 1448 2194 C.
1467 2166 1503 2193 P.
1521 2170 1552 2193 et
1563 2164 1601 2193 A.

1037 2216 1116 2250 125.
1145 2219 1180 2249 Si
1193 2217 1286 2260 fbrte
1314 2216 1445 2259 aliquid
1471 2218 1629 2249 decoctius

987 2270 1115 2314 audis.]
1146 2270 1230 2303 Haec
1256 2269 1417 2303 modeste
1449 2268 1536 2302 dicit
1551 2293 1562 2311 ,
1587 2277 1629 2303 ut

988 2334 1095 2368 supra
1107 2334 1115 2354 :
1129 2324 1158 2354 si
1158 2323 1251 2364 fhree
1264 2323 1347 2365 quid
1355 2323 1460 2364 aptius
1472 2322 1548 2353 exit.
1561 2321 1627 2355 Le-

989 2387 1030 2421 ge
1041 2399 1051 2416 ,
1067 2375 1187 2420 inquit
1197 2399 1206 2415 ,
1220 2375 1246 2408 si
1265 2375 1357 2408 sorte
1370 2373 1508 2420 aliquid
1523 2382 1574 2407 est
1587 2374 1626 2407 in

990 2428 1044 2461 his
1057 2427 1144 2461 meis
1156 2427 1268 2460 satiris
1284 2429 1345 2461 tufi
1361 2426 1559 2460 attentione
1573 2426 1629 2460 di-

989 2482 1331 2527 gnum.—Decoctius.
1338 2479 1567 2513 Elaboratum
1577 2478 1631 2512 di-

993 2533 1170 2580 ligentius.
1182 2534 1224 2566 L.

1042 2598 1056 2620 ι
1063 2588 1116 2629 26.
1127 2588 1206 2618 Inde
1212 2584 1400 2630 vaporati]
1414 2584 1467 2618 Ex
1475 2583 1630 2618 lectione

993 2636 1196 2672 Graecorum
1221 2639 1410 2684 poetarum
1434 2646 1535 2671 mens
1555 2634 1631 2670 lec·

1827 2023 1833 2030 ⁴
1830 1744 1846 1999 mnam—*2
1834 1326 1846 1734 -ahn-—n—-a-——ffi———.-..u-.„
1842 1269 1846 1306 ΑΜ.
1844 1238 1846 1258 -.
1844 1213 1846 1218 .

1825 2212 1846 2406 fvi-umam«

1768 2542 1782 2553 Ο

1837 2904 1842 2915 ν
1829 2853 1841 2877 ¹-·
1825 2408 1846 2837 ,⁴<5q5-.*=<3fflanfflmn.mmw·<
