<?xml version="1.0" encoding="UTF-8"?>
<!DOCTYPE html PUBLIC "-//W3C//DTD XHTML 1.0 Transitional//EN"
    "http://www.w3.org/TR/xhtml1/DTD/xhtml1-transitional.dtd">
<html xmlns="http://www.w3.org/1999/xhtml" xml:lang="en" lang="en">
 <head>
  <title>
</title>
<meta http-equiv="Content-Type" content="text/html;charset=utf-8" />
  <meta name='ocr-system' content='tesseract 3.04.00' />
  <meta name='ocr-capabilities' content='ocr_page ocr_carea ocr_par ocr_line ocrx_word'/>
</head>
<body>
  <div class='ocr_page' id='page_1' title='image "./satiraeadcodice00persuoft_0141.png"; bbox 0 0 1846 3184; ppageno 0'>
   <div class='ocr_carea' id='block_1_1' title="bbox 0 0 521 411">
    <p class='ocr_par' dir='ltr' id='par_1_1' title="bbox 0 0 521 411">
     <span class='ocr_line' id='line_1_1' title="bbox 0 0 521 411; baseline 0 2773"><span class='ocrx_word' id='word_1_1' title='bbox 0 0 521 411; x_wconf 95' lang='lat' dir='ltr'> </span> 
     </span>
    </p>
   </div>
   <div class='ocr_carea' id='block_1_2' title="bbox 5 1023 23 1071">
    <p class='ocr_par' dir='ltr' id='par_1_2' title="bbox 5 1023 23 1071">
     <span class='ocr_line' id='line_1_2' title="bbox 5 1023 23 1071; textangle 90"><span class='ocrx_word' id='word_1_2' title='bbox 5 1023 23 1071; x_wconf 31' lang='lat' dir='ltr'>Ta</span> 
     </span>
    </p>
   </div>
   <div class='ocr_carea' id='block_1_3' title="bbox 716 354 1587 400">
    <p class='ocr_par' dir='ltr' id='par_1_3' title="bbox 716 354 1587 400">
     <span class='ocr_line' id='line_1_3' title="bbox 716 354 1587 400; baseline -0.007 0"><span class='ocrx_word' id='word_1_3' title='bbox 716 356 977 400; x_wconf 82' lang='lat' dir='ltr'>SATIRA</span> <span class='ocrx_word' id='word_1_4' title='bbox 1017 354 1103 397; x_wconf 86' lang='lat' dir='ltr'>IV.</span> <span class='ocrx_word' id='word_1_5' title='bbox 1512 368 1587 395; x_wconf 88' lang='lat'>101</span> 
     </span>
    </p>
   </div>
   <div class='ocr_carea' id='block_1_4' title="bbox 311 436 1592 572">
    <p class='ocr_par' dir='ltr' id='par_1_4' title="bbox 311 436 1592 572">
     <span class='ocr_line' id='line_1_4' title="bbox 311 436 1592 494; baseline -0.011 -9"><span class='ocrx_word' id='word_1_6' title='bbox 311 443 423 485; x_wconf 71' lang='lat' dir='ltr'>Ante</span> <span class='ocrx_word' id='word_1_7' title='bbox 438 440 576 492; x_wconf 87' lang='lat' dir='ltr'>diem,</span> <span class='ocrx_word' id='word_1_8' title='bbox 594 437 756 480; x_wconf 90' lang='lat' dir='ltr'>blando</span> <span class='ocrx_word' id='word_1_9' title='bbox 774 437 955 480; x_wconf 83' lang='lat' dir='ltr'>caudam</span> <span class='ocrx_word' id='word_1_10' title='bbox 973 437 1129 494; x_wconf 86' lang='lat' dir='ltr'>jactare</span> <span class='ocrx_word' id='word_1_11' title='bbox 1146 436 1323 493; x_wconf 35' lang='lat' dir='ltr'>popello*</span> <span class='ocrx_word' id='word_1_12' title='bbox 1416 452 1419 455; x_wconf 52' lang='lat'><strong>&gt;</strong></span> <span class='ocrx_word' id='word_1_13' title='bbox 1552 438 1592 472; x_wconf 80' lang='lat'>15</span> 
     </span>
     <span class='ocr_line' id='line_1_5' title="bbox 313 508 1411 572; baseline -0.008 -13"><span class='ocrx_word' id='word_1_14' title='bbox 313 517 483 559; x_wconf 70' lang='lat' dir='ltr'>Desinis</span> <span class='ocrx_word' id='word_1_15' title='bbox 494 547 507 568; x_wconf 91' lang='lat'>,</span> <span class='ocrx_word' id='word_1_16' title='bbox 524 514 749 572; x_wconf 80' lang='lat' dir='ltr'><strong>Anticyras</strong></span> <span class='ocrx_word' id='word_1_17' title='bbox 769 513 921 554; x_wconf 89' lang='lat' dir='ltr'>melior</span> <span class='ocrx_word' id='word_1_18' title='bbox 939 511 1114 554; x_wconf 89' lang='lat' dir='ltr'>sorbere</span> <span class='ocrx_word' id='word_1_19' title='bbox 1132 525 1318 552; x_wconf 85' lang='lat' dir='ltr'>meracas</span> <span class='ocrx_word' id='word_1_20' title='bbox 1335 508 1353 550; x_wconf 71' lang='grc' dir='ltr'><strong><em>Ρ</em></strong></span> <span class='ocrx_word' id='word_1_21' title='bbox 1401 516 1411 526; x_wconf 74' lang='grc'><strong>“</strong></span> 
     </span>
    </p>
   </div>
   <div class='ocr_carea' id='block_1_5' title="bbox 310 583 1465 645">
    <p class='ocr_par' dir='ltr' id='par_1_5' title="bbox 310 583 1465 645">
     <span class='ocr_line' id='line_1_6' title="bbox 310 583 1465 645; baseline -0.007 -12"><span class='ocrx_word' id='word_1_22' title='bbox 310 591 417 645; x_wconf 84' lang='lat' dir='ltr'>Quae</span> <span class='ocrx_word' id='word_1_23' title='bbox 438 590 519 632; x_wconf 89' lang='lat' dir='ltr'>tibi</span> <span class='ocrx_word' id='word_1_24' title='bbox 541 604 708 632; x_wconf 88' lang='lat' dir='ltr'>summa</span> <span class='ocrx_word' id='word_1_25' title='bbox 731 588 838 630; x_wconf 91' lang='lat' dir='ltr'>boni</span> <span class='ocrx_word' id='word_1_26' title='bbox 858 586 954 630; x_wconf 81' lang='lat' dir='ltr'>est?</span> <span class='ocrx_word' id='word_1_27' title='bbox 976 587 1117 628; x_wconf 73' lang='lat' dir='ltr'>Uncta</span> <span class='ocrx_word' id='word_1_28' title='bbox 1135 586 1287 628; x_wconf 82' lang='lat' dir='ltr'>vixisse</span> <span class='ocrx_word' id='word_1_29' title='bbox 1312 583 1465 643; x_wconf 69' lang='lat' dir='ltr'>patella</span> 
     </span>
    </p>
   </div>
   <div class='ocr_carea' id='block_1_6' title="bbox 313 661 1275 726">
    <p class='ocr_par' dir='ltr' id='par_1_6' title="bbox 313 661 1275 726">
     <span class='ocr_line' id='line_1_7' title="bbox 313 661 1275 726; baseline -0.007 -16"><span class='ocrx_word' id='word_1_30' title='bbox 313 668 488 726; x_wconf 86' lang='lat' dir='ltr'>Semper</span> <span class='ocrx_word' id='word_1_31' title='bbox 502 698 515 719; x_wconf 89' lang='lat'><strong>‚</strong></span> <span class='ocrx_word' id='word_1_32' title='bbox 535 677 579 708; x_wconf 92' lang='lat' dir='ltr'>et</span> <span class='ocrx_word' id='word_1_33' title='bbox 602 665 771 708; x_wconf 81' lang='lat' dir='ltr'>assiduo</span> <span class='ocrx_word' id='word_1_34' title='bbox 794 674 941 706; x_wconf 79' lang='lat' dir='ltr'>curata</span> <span class='ocrx_word' id='word_1_35' title='bbox 965 663 1152 705; x_wconf 89' lang='lat' dir='ltr'>cuticula</span> <span class='ocrx_word' id='word_1_36' title='bbox 1174 661 1275 704; x_wconf 89' lang='lat' dir='ltr'>sole.</span> 
     </span>
    </p>
   </div>
   <div class='ocr_carea' id='block_1_7' title="bbox 253 793 911 2784">
    <p class='ocr_par' dir='ltr' id='par_1_7' title="bbox 253 793 911 2784">
     <span class='ocr_line' id='line_1_8' title="bbox 256 793 896 830; baseline -0.008 0"><span class='ocrx_word' id='word_1_37' title='bbox 256 812 270 826; x_wconf 85' lang='lat'><em>·</em></span> <span class='ocrx_word' id='word_1_38' title='bbox 285 798 304 830; x_wconf 72' lang='lat' dir='ltr'>a</span> <span class='ocrx_word' id='word_1_39' title='bbox 314 793 511 829; x_wconf 77' lang='lat' dir='ltr'>Alcibiade:</span> <span class='ocrx_word' id='word_1_40' title='bbox 525 793 555 828; x_wconf 87' lang='lat' dir='ltr'>si</span> <span class='ocrx_word' id='word_1_41' title='bbox 566 805 656 827; x_wconf 83' lang='lat' dir='ltr'>vous</span> <span class='ocrx_word' id='word_1_42' title='bbox 666 805 767 828; x_wconf 82' lang='lat' dir='ltr'>savez</span> <span class='ocrx_word' id='word_1_43' title='bbox 777 799 896 826; x_wconf 85' lang='lat' dir='ltr'>tontes</span> 
     </span>
     <span class='ocr_line' id='line_1_9' title="bbox 256 844 896 893; baseline -0.008 -11"><span class='ocrx_word' id='word_1_44' title='bbox 256 864 271 877; x_wconf 73' lang='grc' dir='ltr'>α</span> <span class='ocrx_word' id='word_1_45' title='bbox 286 859 344 882; x_wconf 84' lang='lat' dir='ltr'>ees</span> <span class='ocrx_word' id='word_1_46' title='bbox 365 847 510 888; x_wconf 77' lang='lat' dir='ltr'><strong>choses,</strong></span> <span class='ocrx_word' id='word_1_47' title='bbox 526 845 710 893; x_wconf 86' lang='lat' dir='ltr'>pourquoi</span> <span class='ocrx_word' id='word_1_48' title='bbox 731 844 826 878; x_wconf 91' lang='lat' dir='ltr'>donc</span> <span class='ocrx_word' id='word_1_49' title='bbox 849 855 896 878; x_wconf 90' lang='lat' dir='ltr'>ne</span> 
     </span>
     <span class='ocr_line' id='line_1_10' title="bbox 257 897 896 946; baseline -0.008 -11"><span class='ocrx_word' id='word_1_50' title='bbox 257 917 272 931; x_wconf 81' lang='grc' dir='ltr'><strong>ι</strong></span> <span class='ocrx_word' id='word_1_51' title='bbox 286 912 414 935; x_wconf 82' lang='lat' dir='ltr'>cessez-</span> <span class='ocrx_word' id='word_1_52' title='bbox 415 911 505 934; x_wconf 82' lang='lat' dir='ltr'>vous</span> <span class='ocrx_word' id='word_1_53' title='bbox 522 912 584 946; x_wconf 86' lang='lat' dir='ltr'>pas</span> <span class='ocrx_word' id='word_1_54' title='bbox 597 898 642 933; x_wconf 92' lang='lat' dir='ltr'>de</span> <span class='ocrx_word' id='word_1_55' title='bbox 655 897 773 932; x_wconf 85' lang='lat' dir='ltr'>flatter</span> <span class='ocrx_word' id='word_1_56' title='bbox 785 897 819 931; x_wconf 89' lang='lat' dir='ltr'>la</span> <span class='ocrx_word' id='word_1_57' title='bbox 831 909 896 944; x_wconf 87' lang='lat' dir='ltr'>po-</span> 
     </span>
     <span class='ocr_line' id='line_1_11' title="bbox 258 951 896 1005; baseline -0.008 -17.765"><span class='ocrx_word' id='word_1_58' title='bbox 258 952 464 1005; x_wconf 80' lang='lat' dir='ltr'>·pulace?-</span> <span class='ocrx_word' id='word_1_59' title='bbox 476 954 519 986; x_wconf 88' lang='lat' dir='ltr'>A.</span> <span class='ocrx_word' id='word_1_60' title='bbox 521 951 728 1000; x_wconf 64' lang='lat' dir='ltr'>—Summam</span> <span class='ocrx_word' id='word_1_61' title='bbox 731 952 896 994; x_wconf 23' lang='lat' dir='ltr'>Upellede</span> 
     </span>
     <span class='ocr_line' id='line_1_12' title="bbox 253 998 897 1050; baseline -0.003 -12"><span class='ocrx_word' id='word_1_62' title='bbox 253 1018 357 1038; x_wconf 81' lang='lat' dir='ltr'>corus.</span> <span class='ocrx_word' id='word_1_63' title='bbox 381 1004 465 1039; x_wconf 82' lang='lat' dir='ltr'>Haec</span> <span class='ocrx_word' id='word_1_64' title='bbox 492 998 640 1050; x_wconf 88' lang='lat' dir='ltr'>utrique</span> <span class='ocrx_word' id='word_1_65' title='bbox 662 1001 836 1036; x_wconf 85' lang='lat' dir='ltr'>Alcibiadi</span> <span class='ocrx_word' id='word_1_66' title='bbox 860 1010 897 1036; x_wconf 87' lang='lat' dir='ltr'>et</span> 
     </span>
     <span class='ocr_line' id='line_1_13' title="bbox 253 1054 896 1096; baseline -0.006 -4"><span class='ocrx_word' id='word_1_67' title='bbox 253 1057 391 1092; x_wconf 84' lang='lat' dir='ltr'>Neroni</span> <span class='ocrx_word' id='word_1_68' title='bbox 421 1057 656 1092; x_wconf 84' lang='lat' dir='ltr'>conveniunt.</span> <span class='ocrx_word' id='word_1_69' title='bbox 691 1054 864 1089; x_wconf 83' lang='lat' dir='ltr'>Alcibiadi</span> <span class='ocrx_word' id='word_1_70' title='bbox 885 1079 896 1096; x_wconf 90' lang='lat'>‚</span> 
     </span>
     <span class='ocr_line' id='line_1_14' title="bbox 255 1108 898 1158; baseline -0.005 -13"><span class='ocrx_word' id='word_1_71' title='bbox 255 1112 345 1146; x_wconf 71' lang='grc' dir='ltr'>κατὰ</span> <span class='ocrx_word' id='word_1_72' title='bbox 362 1113 399 1145; x_wconf 76' lang='grc' dir='ltr'>τὸ</span> <span class='ocrx_word' id='word_1_73' title='bbox 424 1112 517 1158; x_wconf 60' lang='lat' dir='ltr'>{mov</span> <span class='ocrx_word' id='word_1_74' title='bbox 529 1135 541 1152; x_wconf 95' lang='lat'>‚</span> <span class='ocrx_word' id='word_1_75' title='bbox 562 1110 627 1157; x_wconf 85' lang='lat' dir='ltr'>qui</span> <span class='ocrx_word' id='word_1_76' title='bbox 650 1110 763 1144; x_wconf 70' lang='lat' dir='ltr'>forma</span> <span class='ocrx_word' id='word_1_77' title='bbox 783 1108 898 1142; x_wconf 83' lang='lat' dir='ltr'>excel-</span> 
     </span>
     <span class='ocr_line' id='line_1_15' title="bbox 254 1160 897 1203; baseline -0.003 -7"><span class='ocrx_word' id='word_1_78' title='bbox 254 1163 351 1196; x_wconf 86' lang='lat' dir='ltr'>lebat</span> <span class='ocrx_word' id='word_1_79' title='bbox 364 1188 375 1203; x_wconf 86' lang='lat'>,</span> <span class='ocrx_word' id='word_1_80' title='bbox 388 1162 580 1196; x_wconf 72' lang='lat' dir='ltr'>necessaria</span> <span class='ocrx_word' id='word_1_81' title='bbox 597 1160 803 1196; x_wconf 87' lang='lat' dir='ltr'>eruditione</span> <span class='ocrx_word' id='word_1_82' title='bbox 816 1160 897 1194; x_wconf 88' lang='lat' dir='ltr'>des-</span> 
     </span>
     <span class='ocr_line' id='line_1_16' title="bbox 255 1211 897 1258; baseline -0.005 -8"><span class='ocrx_word' id='word_1_83' title='bbox 255 1217 386 1251; x_wconf 83' lang='lat' dir='ltr'>titutus</span> <span class='ocrx_word' id='word_1_84' title='bbox 402 1231 411 1258; x_wconf 91' lang='lat'>;</span> <span class='ocrx_word' id='word_1_85' title='bbox 433 1215 571 1250; x_wconf 84' lang='lat' dir='ltr'>Neroni</span> <span class='ocrx_word' id='word_1_86' title='bbox 585 1240 597 1256; x_wconf 88' lang='lat'>‚</span> <span class='ocrx_word' id='word_1_87' title='bbox 624 1214 713 1249; x_wconf 74' lang='grc' dir='ltr'>κατὰ</span> <span class='ocrx_word' id='word_1_88' title='bbox 738 1216 796 1250; x_wconf 67' lang='grc' dir='ltr'>τὴν</span> <span class='ocrx_word' id='word_1_89' title='bbox 822 1211 897 1248; x_wconf 71' lang='grc' dir='ltr'><strong>διαί-</strong></span> 
     </span>
     <span class='ocr_line' id='line_1_17' title="bbox 255 1265 896 1316; baseline -0.006 -13"><span class='ocrx_word' id='word_1_90' title='bbox 255 1282 358 1306; x_wconf 63' lang='lat' dir='ltr'>voum,</span> <span class='ocrx_word' id='word_1_91' title='bbox 375 1268 439 1316; x_wconf 90' lang='lat' dir='ltr'>qui</span> <span class='ocrx_word' id='word_1_92' title='bbox 453 1268 610 1315; x_wconf 68' lang='lat' dir='ltr'>speciosa</span> <span class='ocrx_word' id='word_1_93' title='bbox 620 1267 826 1314; x_wconf 83' lang='lat' dir='ltr'>reipublicae</span> <span class='ocrx_word' id='word_1_94' title='bbox 838 1265 896 1300; x_wconf 87' lang='lat' dir='ltr'>ad-</span> 
     </span>
     <span class='ocr_line' id='line_1_18' title="bbox 256 1319 899 1362; baseline -0.005 -8"><span class='ocrx_word' id='word_1_95' title='bbox 256 1320 517 1354; x_wconf 80' lang='lat' dir='ltr'>ministratione</span> <span class='ocrx_word' id='word_1_96' title='bbox 529 1345 540 1362; x_wconf 90' lang='lat'>,</span> <span class='ocrx_word' id='word_1_97' title='bbox 563 1319 761 1353; x_wconf 87' lang='lat' dir='ltr'>bonitatem</span> <span class='ocrx_word' id='word_1_98' title='bbox 789 1319 899 1352; x_wconf 89' lang='lat' dir='ltr'>simu-</span> 
     </span>
     <span class='ocr_line' id='line_1_19' title="bbox 255 1370 899 1415; baseline -0.005 -8"><span class='ocrx_word' id='word_1_99' title='bbox 255 1372 351 1407; x_wconf 82' lang='lat' dir='ltr'>labat</span> <span class='ocrx_word' id='word_1_100' title='bbox 364 1397 376 1415; x_wconf 95' lang='lat'>,</span> <span class='ocrx_word' id='word_1_101' title='bbox 401 1375 483 1407; x_wconf 75' lang='lat' dir='ltr'>cum</span> <span class='ocrx_word' id='word_1_102' title='bbox 511 1381 602 1406; x_wconf 80' lang='lat' dir='ltr'>esset</span> <span class='ocrx_word' id='word_1_103' title='bbox 630 1371 802 1405; x_wconf 88' lang='lat' dir='ltr'>interiore</span> <span class='ocrx_word' id='word_1_104' title='bbox 826 1370 899 1404; x_wconf 70' lang='lat' dir='ltr'>vita</span> 
     </span>
     <span class='ocr_line' id='line_1_20' title="bbox 258 1425 696 1460; baseline -0.007 0"><span class='ocrx_word' id='word_1_105' title='bbox 258 1425 481 1460; x_wconf 79' lang='lat' dir='ltr'>foedissimus.</span> <span class='ocrx_word' id='word_1_106' title='bbox 493 1426 549 1459; x_wconf 83' lang='lat' dir='ltr'>Ita</span> <span class='ocrx_word' id='word_1_107' title='bbox 562 1426 696 1458; x_wconf 79' lang='lat' dir='ltr'><em>casaub.</em></span> 
     </span>
     <span class='ocr_line' id='line_1_21' title="bbox 306 1474 898 1520; baseline -0.007 -8"><span class='ocrx_word' id='word_1_108' title='bbox 306 1478 455 1512; x_wconf 78' lang='lat' dir='ltr'>15.Anee</span> <span class='ocrx_word' id='word_1_109' title='bbox 464 1479 565 1517; x_wconf 78' lang='lat' dir='ltr'>diem,</span> <span class='ocrx_word' id='word_1_110' title='bbox 580 1478 716 1516; x_wconf 82' lang='lat' dir='ltr'>blando,</span> <span class='ocrx_word' id='word_1_111' title='bbox 728 1478 801 1520; x_wconf 79' lang='lat' dir='ltr'>etc-J</span> <span class='ocrx_word' id='word_1_112' title='bbox 814 1474 898 1509; x_wconf 74' lang='lat' dir='ltr'>Haec</span> 
     </span>
     <span class='ocr_line' id='line_1_22' title="bbox 257 1529 898 1578; baseline -0.005 -13"><span class='ocrx_word' id='word_1_113' title='bbox 257 1543 407 1578; x_wconf 82' lang='lat' dir='ltr'>qnoque</span> <span class='ocrx_word' id='word_1_114' title='bbox 427 1529 472 1564; x_wconf 86' lang='lat' dir='ltr'>ad</span> <span class='ocrx_word' id='word_1_115' title='bbox 490 1529 707 1564; x_wconf 83' lang='lat' dir='ltr'>Alcibiadem</span> <span class='ocrx_word' id='word_1_116' title='bbox 732 1538 767 1562; x_wconf 91' lang='lat' dir='ltr'>et</span> <span class='ocrx_word' id='word_1_117' title='bbox 789 1529 898 1563; x_wconf 89' lang='lat' dir='ltr'>Nero-</span> 
     </span>
     <span class='ocr_line' id='line_1_23' title="bbox 256 1580 895 1630; baseline -0.008 -12"><span class='ocrx_word' id='word_1_118' title='bbox 256 1595 341 1618; x_wconf 85' lang='lat' dir='ltr'>nem</span> <span class='ocrx_word' id='word_1_119' title='bbox 351 1591 522 1630; x_wconf 81' lang='lat' dir='ltr'>spectant.</span> <span class='ocrx_word' id='word_1_120' title='bbox 532 1581 587 1616; x_wconf 87' lang='lat' dir='ltr'>Ad</span> <span class='ocrx_word' id='word_1_121' title='bbox 599 1580 816 1616; x_wconf 81' lang='lat' dir='ltr'>Alcibiadem</span> <span class='ocrx_word' id='word_1_122' title='bbox 825 1581 875 1614; x_wconf 88' lang='lat' dir='ltr'>sic</span> <span class='ocrx_word' id='word_1_123' title='bbox 886 1593 895 1612; x_wconf 76' lang='grc' dir='ltr'><em>τ</em></span> 
     </span>
     <span class='ocr_line' id='line_1_24' title="bbox 258 1634 898 1677; baseline -0.008 -6"><span class='ocrx_word' id='word_1_124' title='bbox 258 1649 325 1671; x_wconf 86' lang='lat' dir='ltr'>eur</span> <span class='ocrx_word' id='word_1_125' title='bbox 355 1648 431 1670; x_wconf 88' lang='lat' dir='ltr'>non</span> <span class='ocrx_word' id='word_1_126' title='bbox 462 1643 578 1670; x_wconf 87' lang='lat' dir='ltr'>mutas</span> <span class='ocrx_word' id='word_1_127' title='bbox 610 1634 799 1669; x_wconf 86' lang='lat' dir='ltr'>consilium</span> <span class='ocrx_word' id='word_1_128' title='bbox 822 1659 833 1677; x_wconf 92' lang='lat'>,</span> <span class='ocrx_word' id='word_1_129' title='bbox 862 1641 898 1667; x_wconf 87' lang='lat' dir='ltr'>et</span> 
     </span>
     <span class='ocr_line' id='line_1_25' title="bbox 256 1686 900 1736; baseline -0.005 -13"><span class='ocrx_word' id='word_1_130' title='bbox 256 1689 468 1736; x_wconf 83' lang='lat' dir='ltr'>priusquam</span> <span class='ocrx_word' id='word_1_131' title='bbox 484 1689 613 1736; x_wconf 85' lang='lat' dir='ltr'>populi</span> <span class='ocrx_word' id='word_1_132' title='bbox 634 1688 781 1735; x_wconf 86' lang='lat' dir='ltr'>gratiam</span> <span class='ocrx_word' id='word_1_133' title='bbox 799 1686 900 1721; x_wconf 81' lang='lat' dir='ltr'>vanis</span> 
     </span>
     <span class='ocr_line' id='line_1_26' title="bbox 258 1738 902 1787; baseline -0.006 -12"><span class='ocrx_word' id='word_1_134' title='bbox 258 1741 395 1775; x_wconf 82' lang='lat' dir='ltr'>artibus</span> <span class='ocrx_word' id='word_1_135' title='bbox 405 1749 442 1775; x_wconf 89' lang='lat' dir='ltr'>et</span> <span class='ocrx_word' id='word_1_136' title='bbox 454 1741 620 1787; x_wconf 86' lang='lat' dir='ltr'>populari</span> <span class='ocrx_word' id='word_1_137' title='bbox 627 1739 819 1786; x_wconf 81' lang='lat' dir='ltr'>jactatione</span> <span class='ocrx_word' id='word_1_138' title='bbox 831 1738 902 1772; x_wconf 90' lang='lat' dir='ltr'>col-</span> 
     </span>
     <span class='ocr_line' id='line_1_27' title="bbox 258 1792 903 1840; baseline -0.006 -12"><span class='ocrx_word' id='word_1_139' title='bbox 258 1793 369 1840; x_wconf 77' lang='lat' dir='ltr'>ligere</span> <span class='ocrx_word' id='word_1_140' title='bbox 377 1792 518 1827; x_wconf 82' lang='lat' dir='ltr'>studeas</span> <span class='ocrx_word' id='word_1_141' title='bbox 528 1818 539 1835; x_wconf 95' lang='lat'>,</span> <span class='ocrx_word' id='word_1_142' title='bbox 552 1792 657 1827; x_wconf 83' lang='lat' dir='ltr'>discis</span> <span class='ocrx_word' id='word_1_143' title='bbox 669 1792 728 1826; x_wconf 89' lang='lat' dir='ltr'>illa</span> <span class='ocrx_word' id='word_1_144' title='bbox 737 1804 816 1838; x_wconf 84' lang='lat' dir='ltr'>quae</span> <span class='ocrx_word' id='word_1_145' title='bbox 827 1803 903 1824; x_wconf 88' lang='lat' dir='ltr'>nes-</span> 
     </span>
     <span class='ocr_line' id='line_1_28' title="bbox 260 1843 904 1890; baseline -0.006 -10"><span class='ocrx_word' id='word_1_146' title='bbox 260 1846 334 1880; x_wconf 88' lang='lat' dir='ltr'>cire</span> <span class='ocrx_word' id='word_1_147' title='bbox 349 1847 535 1880; x_wconf 80' lang='lat' dir='ltr'>convictus</span> <span class='ocrx_word' id='word_1_148' title='bbox 552 1858 612 1888; x_wconf 76' lang='lat' dir='ltr'>es,</span> <span class='ocrx_word' id='word_1_149' title='bbox 631 1847 715 1879; x_wconf 74' lang='lat' dir='ltr'>cinn</span> <span class='ocrx_word' id='word_1_150' title='bbox 729 1845 801 1877; x_wconf 84' lang='lat' dir='ltr'>sint</span> <span class='ocrx_word' id='word_1_151' title='bbox 814 1843 904 1890; x_wconf 91' lang='lat' dir='ltr'>poli-</span> 
     </span>
     <span class='ocr_line' id='line_1_29' title="bbox 262 1896 901 1932; baseline -0.006 0"><span class='ocrx_word' id='word_1_152' title='bbox 262 1900 335 1932; x_wconf 81' lang='lat' dir='ltr'>tico</span> <span class='ocrx_word' id='word_1_153' title='bbox 362 1898 556 1932; x_wconf 62' lang='lat' dir='ltr'>necessaria</span> <span class='ocrx_word' id='word_1_154' title='bbox 574 1897 590 1930; x_wconf 85' lang='lat'>?</span> <span class='ocrx_word' id='word_1_155' title='bbox 614 1896 668 1930; x_wconf 81' lang='lat' dir='ltr'>Ad</span> <span class='ocrx_word' id='word_1_156' title='bbox 696 1896 877 1930; x_wconf 84' lang='lat' dir='ltr'>Neronem</span> <span class='ocrx_word' id='word_1_157' title='bbox 891 1907 901 1928; x_wconf 73' lang='grc' dir='ltr'><em>τ</em></span> 
     </span>
     <span class='ocr_line' id='line_1_30' title="bbox 263 1948 903 1996; baseline -0.006 -11"><span class='ocrx_word' id='word_1_158' title='bbox 263 1953 347 1985; x_wconf 79' lang='lat' dir='ltr'>cum</span> <span class='ocrx_word' id='word_1_159' title='bbox 363 1951 409 1984; x_wconf 83' lang='lat' dir='ltr'>sis</span> <span class='ocrx_word' id='word_1_160' title='bbox 428 1951 495 1985; x_wconf 82' lang='lat' dir='ltr'>tibi</span> <span class='ocrx_word' id='word_1_161' title='bbox 513 1951 676 1984; x_wconf 89' lang='lat' dir='ltr'>conscius</span> <span class='ocrx_word' id='word_1_162' title='bbox 693 1948 903 1996; x_wconf 63' lang='lat' dir='ltr'>ignorantia</span> 
     </span>
     <span class='ocr_line' id='line_1_31' title="bbox 264 2001 904 2044; baseline -0.005 -7"><span class='ocrx_word' id='word_1_163' title='bbox 264 2011 335 2037; x_wconf 69' lang='lat' dir='ltr'>tua</span> <span class='ocrx_word' id='word_1_164' title='bbox 343 2027 355 2044; x_wconf 93' lang='lat'>‚</span> <span class='ocrx_word' id='word_1_165' title='bbox 367 2014 433 2037; x_wconf 86' lang='lat' dir='ltr'>cur</span> <span class='ocrx_word' id='word_1_166' title='bbox 444 2015 518 2036; x_wconf 90' lang='lat' dir='ltr'>non</span> <span class='ocrx_word' id='word_1_167' title='bbox 531 2001 663 2036; x_wconf 81' lang='lat' dir='ltr'>desinis</span> <span class='ocrx_word' id='word_1_168' title='bbox 670 2001 856 2035; x_wconf 81' lang='lat' dir='ltr'>venditare</span> <span class='ocrx_word' id='word_1_169' title='bbox 867 2009 904 2035; x_wconf 86' lang='lat' dir='ltr'>te</span> 
     </span>
     <span class='ocr_line' id='line_1_32' title="bbox 263 2053 903 2103; baseline -0.005 -14"><span class='ocrx_word' id='word_1_170' title='bbox 263 2054 363 2103; x_wconf 83' lang='lat' dir='ltr'>apud</span> <span class='ocrx_word' id='word_1_171' title='bbox 372 2064 535 2090; x_wconf 85' lang='lat' dir='ltr'>senatum</span> <span class='ocrx_word' id='word_1_172' title='bbox 547 2063 583 2089; x_wconf 89' lang='lat' dir='ltr'>et</span> <span class='ocrx_word' id='word_1_173' title='bbox 592 2053 787 2101; x_wconf 84' lang='lat' dir='ltr'>populum,</span> <span class='ocrx_word' id='word_1_174' title='bbox 802 2053 903 2100; x_wconf 87' lang='lat' dir='ltr'>quasi</span> 
     </span>
     <span class='ocr_line' id='line_1_33' title="bbox 263 2106 903 2156; baseline -0.005 -13"><span class='ocrx_word' id='word_1_175' title='bbox 263 2106 423 2156; x_wconf 84' lang='lat' dir='ltr'>optimus</span> <span class='ocrx_word' id='word_1_176' title='bbox 437 2120 529 2143; x_wconf 85' lang='lat' dir='ltr'>esses</span> <span class='ocrx_word' id='word_1_177' title='bbox 541 2107 737 2155; x_wconf 86' lang='lat' dir='ltr'>princeps?</span> <span class='ocrx_word' id='word_1_178' title='bbox 749 2108 846 2149; x_wconf 87' lang='lat' dir='ltr'>Quin</span> <span class='ocrx_word' id='word_1_179' title='bbox 861 2115 903 2141; x_wconf 89' lang='lat' dir='ltr'>tu</span> 
     </span>
     <span class='ocr_line' id='line_1_34' title="bbox 262 2159 905 2208; baseline -0.003 -14"><span class='ocrx_word' id='word_1_180' title='bbox 262 2161 375 2208; x_wconf 73' lang='lat' dir='ltr'>igitur</span> <span class='ocrx_word' id='word_1_181' title='bbox 387 2159 538 2202; x_wconf 68' lang='lat' dir='ltr'>desinis,</span> <span class='ocrx_word' id='word_1_182' title='bbox 551 2168 587 2195; x_wconf 90' lang='lat' dir='ltr'>et</span> <span class='ocrx_word' id='word_1_183' title='bbox 599 2159 778 2206; x_wconf 68' lang='lat' dir='ltr'>exspectas</span> <span class='ocrx_word' id='word_1_184' title='bbox 787 2161 905 2193; x_wconf 89' lang='lat' dir='ltr'>donec</span> 
     </span>
     <span class='ocr_line' id='line_1_35' title="bbox 263 2213 903 2261; baseline -0.003 -13"><span class='ocrx_word' id='word_1_185' title='bbox 263 2213 467 2261; x_wconf 73' lang='lat' dir='ltr'>sapientum</span> <span class='ocrx_word' id='word_1_186' title='bbox 483 2213 671 2261; x_wconf 71' lang='lat' dir='ltr'>praecptis</span> <span class='ocrx_word' id='word_1_187' title='bbox 686 2213 876 2247; x_wconf 87' lang='lat' dir='ltr'>institutus</span> <span class='ocrx_word' id='word_1_188' title='bbox 890 2236 903 2254; x_wconf 86' lang='lat'><strong>‚</strong></span> 
     </span>
     <span class='ocr_line' id='line_1_36' title="bbox 262 2265 905 2312; baseline -0.003 -11"><span class='ocrx_word' id='word_1_189' title='bbox 262 2279 386 2302; x_wconf 83' lang='lat' dir='ltr'>rerum</span> <span class='ocrx_word' id='word_1_190' title='bbox 400 2278 520 2301; x_wconf 85' lang='lat' dir='ltr'>causas</span> <span class='ocrx_word' id='word_1_191' title='bbox 537 2274 574 2301; x_wconf 85' lang='lat' dir='ltr'>et</span> <span class='ocrx_word' id='word_1_192' title='bbox 590 2265 766 2312; x_wconf 86' lang='lat' dir='ltr'>principia</span> <span class='ocrx_word' id='word_1_193' title='bbox 779 2265 905 2299; x_wconf 68' lang='lat' dir='ltr'>habeas</span> 
     </span>
     <span class='ocr_line' id='line_1_37' title="bbox 264 2316 907 2364; baseline -0.006 -10"><span class='ocrx_word' id='word_1_194' title='bbox 264 2319 377 2354; x_wconf 79' lang='lat' dir='ltr'>nota?</span> <span class='ocrx_word' id='word_1_195' title='bbox 391 2316 434 2353; x_wconf 84' lang='lat' dir='ltr'>C.</span> <span class='ocrx_word' id='word_1_196' title='bbox 447 2339 495 2346; x_wconf 90' lang='lat'>——-</span> <span class='ocrx_word' id='word_1_197' title='bbox 510 2321 655 2354; x_wconf 80' lang='lat' dir='ltr'>caudam</span> <span class='ocrx_word' id='word_1_198' title='bbox 667 2321 809 2364; x_wconf 83' lang='lat' dir='ltr'>jactare.</span> <span class='ocrx_word' id='word_1_199' title='bbox 834 2318 907 2351; x_wconf 88' lang='lat' dir='ltr'>Pu-</span> 
     </span>
     <span class='ocr_line' id='line_1_38' title="bbox 262 2371 909 2418; baseline -0.005 -12"><span class='ocrx_word' id='word_1_200' title='bbox 262 2372 356 2407; x_wconf 85' lang='lat' dir='ltr'>blice</span> <span class='ocrx_word' id='word_1_201' title='bbox 364 2371 541 2406; x_wconf 85' lang='lat' dir='ltr'>laudanda</span> <span class='ocrx_word' id='word_1_202' title='bbox 551 2372 666 2406; x_wconf 82' lang='lat' dir='ltr'>faeere</span> <span class='ocrx_word' id='word_1_203' title='bbox 675 2395 686 2412; x_wconf 92' lang='lat'>‚</span> <span class='ocrx_word' id='word_1_204' title='bbox 700 2371 816 2418; x_wconf 88' lang='lat' dir='ltr'>qualia</span> <span class='ocrx_word' id='word_1_205' title='bbox 830 2382 909 2404; x_wconf 84' lang='lat' dir='ltr'>uar-</span> 
     </span>
     <span class='ocr_line' id='line_1_39' title="bbox 264 2422 908 2470; baseline -0.006 -10"><span class='ocrx_word' id='word_1_206' title='bbox 264 2434 345 2460; x_wconf 82' lang='lat' dir='ltr'>rant</span> <span class='ocrx_word' id='word_1_207' title='bbox 361 2425 407 2460; x_wconf 85' lang='lat' dir='ltr'>de</span> <span class='ocrx_word' id='word_1_208' title='bbox 425 2426 569 2459; x_wconf 87' lang='lat' dir='ltr'>Nerone</span> <span class='ocrx_word' id='word_1_209' title='bbox 587 2425 626 2458; x_wconf 89' lang='lat' dir='ltr'>in</span> <span class='ocrx_word' id='word_1_210' title='bbox 645 2424 828 2470; x_wconf 79' lang='lat' dir='ltr'>principio</span> <span class='ocrx_word' id='word_1_211' title='bbox 846 2422 908 2456; x_wconf 84' lang='lat' dir='ltr'>ad·</span> 
     </span>
     <span class='ocr_line' id='line_1_40' title="bbox 265 2475 908 2521; baseline -0.006 -9"><span class='ocrx_word' id='word_1_212' title='bbox 265 2478 534 2512; x_wconf 86' lang='lat' dir='ltr'>ministrationis</span> <span class='ocrx_word' id='word_1_213' title='bbox 560 2489 655 2518; x_wconf 78' lang='lat' dir='ltr'>suae;</span> <span class='ocrx_word' id='word_1_214' title='bbox 678 2485 715 2510; x_wconf 84' lang='lat' dir='ltr'>et</span> <span class='ocrx_word' id='word_1_215' title='bbox 740 2475 908 2521; x_wconf 86' lang='lat' dir='ltr'>speciosis</span> 
     </span>
     <span class='ocr_line' id='line_1_41' title="bbox 267 2528 907 2574; baseline -0.006 -10"><span class='ocrx_word' id='word_1_216' title='bbox 267 2531 367 2564; x_wconf 81' lang='lat' dir='ltr'>sactis</span> <span class='ocrx_word' id='word_1_217' title='bbox 390 2530 576 2565; x_wconf 78' lang='lat' dir='ltr'>venditare</span> <span class='ocrx_word' id='word_1_218' title='bbox 605 2542 643 2563; x_wconf 92' lang='lat' dir='ltr'>se</span> <span class='ocrx_word' id='word_1_219' title='bbox 670 2528 768 2574; x_wconf 88' lang='lat' dir='ltr'>apud</span> <span class='ocrx_word' id='word_1_220' title='bbox 788 2540 907 2573; x_wconf 87' lang='lat' dir='ltr'>popu-</span> 
     </span>
     <span class='ocr_line' id='line_1_42' title="bbox 269 2581 910 2626; baseline -0.005 -11"><span class='ocrx_word' id='word_1_221' title='bbox 269 2583 361 2622; x_wconf 91' lang='lat' dir='ltr'>lum,</span> <span class='ocrx_word' id='word_1_222' title='bbox 374 2581 419 2616; x_wconf 88' lang='lat' dir='ltr'>ad</span> <span class='ocrx_word' id='word_1_223' title='bbox 434 2581 722 2617; x_wconf 84' lang='lat' dir='ltr'>benevolentiam</span> <span class='ocrx_word' id='word_1_224' title='bbox 737 2582 816 2626; x_wconf 84' lang='lat' dir='ltr'>ejus</span> <span class='ocrx_word' id='word_1_225' title='bbox 831 2590 910 2625; x_wconf 74' lang='lat' dir='ltr'>eap-</span> 
     </span>
     <span class='ocr_line' id='line_1_43' title="bbox 267 2632 911 2678; baseline -0.005 -10"><span class='ocrx_word' id='word_1_226' title='bbox 267 2634 498 2669; x_wconf 72' lang='lat' dir='ltr'>tandamlloc</span> <span class='ocrx_word' id='word_1_227' title='bbox 505 2633 838 2669; x_wconf 81' lang='lat' dir='ltr'>ductumaeanibus</span> <span class='ocrx_word' id='word_1_228' title='bbox 845 2632 911 2678; x_wconf 82' lang='lat' dir='ltr'>qui</span> 
     </span>
     <span class='ocr_line' id='line_1_44' title="bbox 270 2684 911 2730; baseline -0.002 -11"><span class='ocrx_word' id='word_1_229' title='bbox 270 2685 419 2720; x_wconf 86' lang='lat' dir='ltr'>domino</span> <span class='ocrx_word' id='word_1_230' title='bbox 448 2686 633 2722; x_wconf 84' lang='lat' dir='ltr'>adulantes</span> <span class='ocrx_word' id='word_1_231' title='bbox 662 2685 813 2720; x_wconf 90' lang='lat' dir='ltr'>caudam</span> <span class='ocrx_word' id='word_1_232' title='bbox 840 2684 911 2730; x_wconf 84' lang='lat' dir='ltr'>agi-</span> 
     </span>
     <span class='ocr_line' id='line_1_45' title="bbox 274 2736 911 2784; baseline -0.002 -12"><span class='ocrx_word' id='word_1_233' title='bbox 274 2738 547 2774; x_wconf 63' lang='lat' dir='ltr'>tane—Blando.</span> <span class='ocrx_word' id='word_1_234' title='bbox 556 2763 563 2771; x_wconf 96' lang='lat'>.</span> <span class='ocrx_word' id='word_1_235' title='bbox 572 2763 580 2771; x_wconf 88' lang='lat'><strong>.</strong></span> <span class='ocrx_word' id='word_1_236' title='bbox 588 2763 596 2771; x_wconf 91' lang='lat'><strong>.</strong></span> <span class='ocrx_word' id='word_1_237' title='bbox 603 2741 744 2784; x_wconf 82' lang='lat' dir='ltr'>popello.</span> <span class='ocrx_word' id='word_1_238' title='bbox 759 2737 833 2780; x_wconf 89' lang='lat' dir='ltr'>Qui</span> <span class='ocrx_word' id='word_1_239' title='bbox 846 2736 911 2772; x_wconf 84' lang='lat' dir='ltr'>tibi</span> 
     </span>
    </p>
   </div>
   <div class='ocr_carea' id='block_1_8' title="bbox 946 788 1594 1302">
    <p class='ocr_par' dir='ltr' id='par_1_8' title="bbox 947 788 1593 937">
     <span class='ocr_line' id='line_1_46' title="bbox 947 788 1593 847; baseline -0.006 -23"><span class='ocrx_word' id='word_1_240' title='bbox 947 802 1045 824; x_wconf 87' lang='lat' dir='ltr'>nunc</span> <span class='ocrx_word' id='word_1_241' title='bbox 1053 788 1251 829; x_wconf 85' lang='lat' dir='ltr'>blanditur,</span> <span class='ocrx_word' id='word_1_242' title='bbox 1256 800 1339 822; x_wconf 85' lang='lat' dir='ltr'>mox</span> <span class='ocrx_word' id='word_1_243' title='bbox 1347 795 1489 847; x_wconf 83' lang='lat' dir='ltr'>paratus</span> <span class='ocrx_word' id='word_1_244' title='bbox 1498 798 1593 821; x_wconf 89' lang='lat' dir='ltr'>mor-</span> 
     </span>
     <span class='ocr_line' id='line_1_47' title="bbox 948 839 1590 888; baseline -0.008 -11"><span class='ocrx_word' id='word_1_245' title='bbox 948 842 1034 877; x_wconf 88' lang='lat' dir='ltr'>dere</span> <span class='ocrx_word' id='word_1_246' title='bbox 1054 851 1089 876; x_wconf 87' lang='lat' dir='ltr'>te</span> <span class='ocrx_word' id='word_1_247' title='bbox 1112 854 1152 876; x_wconf 89' lang='lat' dir='ltr'>ac</span> <span class='ocrx_word' id='word_1_248' title='bbox 1174 840 1347 888; x_wconf 76' lang='lat' dir='ltr'>perdere,</span> <span class='ocrx_word' id='word_1_249' title='bbox 1365 840 1395 873; x_wconf 88' lang='lat' dir='ltr'>si</span> <span class='ocrx_word' id='word_1_250' title='bbox 1420 839 1511 886; x_wconf 86' lang='lat' dir='ltr'>quid</span> <span class='ocrx_word' id='word_1_251' title='bbox 1536 840 1590 873; x_wconf 81' lang='lat' dir='ltr'>os·</span> 
     </span>
     <span class='ocr_line' id='line_1_48' title="bbox 948 892 1591 937; baseline -0.008 -8"><span class='ocrx_word' id='word_1_252' title='bbox 948 894 1120 930; x_wconf 80' lang='lat' dir='ltr'>fenderis.</span> <span class='ocrx_word' id='word_1_253' title='bbox 1148 894 1189 928; x_wconf 92' lang='lat' dir='ltr'>C.</span> <span class='ocrx_word' id='word_1_254' title='bbox 1200 895 1394 937; x_wconf 69' lang='grc' dir='ltr'><em>-Ρομ-Ηο.</em></span> <span class='ocrx_word' id='word_1_255' title='bbox 1422 892 1591 926; x_wconf 86' lang='lat' dir='ltr'>Diminu-</span> 
     </span>
    </p>

    <p class='ocr_par' dir='ltr' id='par_1_9' title="bbox 949 948 1268 990">
     <span class='ocr_line' id='line_1_49' title="bbox 949 948 1268 990; baseline -0.003 -9"><span class='ocrx_word' id='word_1_256' title='bbox 949 948 1084 987; x_wconf 80' lang='lat' dir='ltr'>tivum‚</span> <span class='ocrx_word' id='word_1_257' title='bbox 1099 959 1118 980; x_wconf 90' lang='lat' dir='ltr'>a</span> <span class='ocrx_word' id='word_1_258' title='bbox 1131 948 1268 990; x_wconf 83' lang='lat' dir='ltr'>populo.</span> 
     </span>
    </p>

    <p class='ocr_par' dir='ltr' id='par_1_10' title="bbox 946 997 1594 1302">
     <span class='ocr_line' id='line_1_50' title="bbox 999 997 1593 1044; baseline -0.005 -10"><span class='ocrx_word' id='word_1_259' title='bbox 999 1003 1051 1035; x_wconf 80' lang='lat'>16.</span> <span class='ocrx_word' id='word_1_260' title='bbox 1063 999 1334 1044; x_wconf 76' lang='lat' dir='ltr'>Meliorsorbere.]</span> <span class='ocrx_word' id='word_1_261' title='bbox 1351 997 1593 1032; x_wconf 84' lang='lat' dir='ltr'>Hellenismus</span> 
     </span>
     <span class='ocr_line' id='line_1_51' title="bbox 949 1049 1594 1096; baseline -0.009 -8"><span class='ocrx_word' id='word_1_262' title='bbox 949 1054 1070 1088; x_wconf 86' lang='lat' dir='ltr'>Persio</span> <span class='ocrx_word' id='word_1_263' title='bbox 1095 1051 1297 1087; x_wconf 77' lang='lat' dir='ltr'>familiaris:</span> <span class='ocrx_word' id='word_1_264' title='bbox 1320 1050 1359 1085; x_wconf 92' lang='lat' dir='ltr'>id</span> <span class='ocrx_word' id='word_1_265' title='bbox 1381 1059 1456 1091; x_wconf 86' lang='lat' dir='ltr'>est,</span> <span class='ocrx_word' id='word_1_266' title='bbox 1474 1049 1594 1096; x_wconf 87' lang='lat' dir='ltr'>aptior</span> 
     </span>
     <span class='ocr_line' id='line_1_52' title="bbox 948 1102 1593 1153; baseline -0.011 -12"><span class='ocrx_word' id='word_1_267' title='bbox 948 1107 1024 1153; x_wconf 87' lang='lat' dir='ltr'>regi</span> <span class='ocrx_word' id='word_1_268' title='bbox 1037 1109 1145 1153; x_wconf 75' lang='lat' dir='ltr'>quam</span> <span class='ocrx_word' id='word_1_269' title='bbox 1159 1105 1246 1139; x_wconf 86' lang='lat' dir='ltr'>alios</span> <span class='ocrx_word' id='word_1_270' title='bbox 1259 1116 1395 1150; x_wconf 84' lang='lat' dir='ltr'>regere.</span> <span class='ocrx_word' id='word_1_271' title='bbox 1410 1104 1467 1137; x_wconf 87' lang='lat' dir='ltr'>Tu</span> <span class='ocrx_word' id='word_1_272' title='bbox 1481 1102 1593 1149; x_wconf 87' lang='lat' dir='ltr'>igitur</span> 
     </span>
     <span class='ocr_line' id='line_1_53' title="bbox 947 1159 1594 1207; baseline -0.009 -13"><span class='ocrx_word' id='word_1_273' title='bbox 947 1160 1072 1207; x_wconf 85' lang='lat' dir='ltr'>potius</span> <span class='ocrx_word' id='word_1_274' title='bbox 1093 1159 1179 1193; x_wconf 82' lang='lat' dir='ltr'>vitia</span> <span class='ocrx_word' id='word_1_275' title='bbox 1203 1167 1264 1192; x_wconf 87' lang='lat' dir='ltr'>tua</span> <span class='ocrx_word' id='word_1_276' title='bbox 1289 1169 1465 1205; x_wconf 82' lang='lat' dir='ltr'>purgare,</span> <span class='ocrx_word' id='word_1_277' title='bbox 1484 1159 1594 1202; x_wconf 79' lang='lat' dir='ltr'>quam</span> 
     </span>
     <span class='ocr_line' id='line_1_54' title="bbox 947 1210 1591 1259; baseline -0.012 -12"><span class='ocrx_word' id='word_1_278' title='bbox 947 1214 1034 1247; x_wconf 84' lang='lat' dir='ltr'>alios</span> <span class='ocrx_word' id='word_1_279' title='bbox 1043 1224 1175 1259; x_wconf 85' lang='lat' dir='ltr'>regere,</span> <span class='ocrx_word' id='word_1_280' title='bbox 1186 1210 1591 1250; x_wconf 77' lang='lat' dir='ltr'>deberes.—Anticyras...</span> 
     </span>
     <span class='ocr_line' id='line_1_55' title="bbox 946 1261 1593 1302; baseline -0.008 -4"><span class='ocrx_word' id='word_1_281' title='bbox 946 1278 1101 1298; x_wconf 82' lang='lat' dir='ltr'>meracas.</span> <span class='ocrx_word' id='word_1_282' title='bbox 1114 1264 1334 1298; x_wconf 86' lang='lat' dir='ltr'>Elleborum.</span> <span class='ocrx_word' id='word_1_283' title='bbox 1344 1261 1467 1296; x_wconf 81' lang='lat' dir='ltr'>Horat.</span> <span class='ocrx_word' id='word_1_284' title='bbox 1480 1261 1535 1302; x_wconf 86' lang='lat'>11,</span> <span class='ocrx_word' id='word_1_285' title='bbox 1549 1273 1567 1294; x_wconf 78' lang='lat' dir='ltr'>a</span> <span class='ocrx_word' id='word_1_286' title='bbox 1583 1273 1593 1293; x_wconf 80' lang='lat' dir='ltr'><strong><em>z</em></strong></span> 
     </span>
    </p>
   </div>
   <div class='ocr_carea' id='block_1_9' title="bbox 951 1319 1596 1398">
    <p class='ocr_par' dir='ltr' id='par_1_11' title="bbox 951 1319 1596 1398">
     <span class='ocr_line' id='line_1_56' title="bbox 951 1319 1596 1363; baseline -0.009 -10"><span class='ocrx_word' id='word_1_287' title='bbox 951 1322 1078 1363; x_wconf 82' lang='lat' dir='ltr'>Expulit</span> <span class='ocrx_word' id='word_1_288' title='bbox 1100 1322 1237 1352; x_wconf 82' lang='lat' dir='ltr'>elleboro</span> <span class='ocrx_word' id='word_1_289' title='bbox 1269 1320 1412 1350; x_wconf 85' lang='lat' dir='ltr'>morbum</span> <span class='ocrx_word' id='word_1_290' title='bbox 1439 1319 1596 1358; x_wconf 85' lang='lat' dir='ltr'>bilemque</span> 
     </span>
     <span class='ocr_line' id='line_1_57' title="bbox 1032 1378 1164 1398; baseline 0 0"><span class='ocrx_word' id='word_1_291' title='bbox 1032 1378 1164 1398; x_wconf 85' lang='lat' dir='ltr'>meraco.</span> 
     </span>
    </p>
   </div>
   <div class='ocr_carea' id='block_1_10' title="bbox 947 1416 1600 1994">
    <p class='ocr_par' dir='ltr' id='par_1_12' title="bbox 948 1416 1593 1462">
     <span class='ocr_line' id='line_1_58' title="bbox 948 1416 1593 1462; baseline -0.009 -7"><span class='ocrx_word' id='word_1_292' title='bbox 948 1420 1037 1455; x_wconf 83' lang='lat' dir='ltr'>Vid.</span> <span class='ocrx_word' id='word_1_293' title='bbox 1052 1422 1186 1454; x_wconf 85' lang='lat' dir='ltr'>Juven.</span> <span class='ocrx_word' id='word_1_294' title='bbox 1204 1426 1269 1453; x_wconf 88' lang='lat' dir='ltr'>sat.</span> <span class='ocrx_word' id='word_1_295' title='bbox 1286 1418 1404 1458; x_wconf 85' lang='lat' dir='ltr'>XIII,</span> <span class='ocrx_word' id='word_1_296' title='bbox 1417 1430 1455 1451; x_wconf 84' lang='lat' dir='ltr'>v.</span> <span class='ocrx_word' id='word_1_297' title='bbox 1471 1429 1531 1462; x_wconf 89' lang='lat'>97.</span> <span class='ocrx_word' id='word_1_298' title='bbox 1551 1416 1593 1450; x_wconf 90' lang='lat' dir='ltr'>P.</span> 
     </span>
    </p>

    <p class='ocr_par' dir='ltr' id='par_1_13' title="bbox 947 1480 1600 1994">
     <span class='ocr_line' id='line_1_59' title="bbox 1001 1480 1596 1530; baseline -0.01 -12"><span class='ocrx_word' id='word_1_299' title='bbox 1001 1497 1054 1530; x_wconf 89' lang='lat'>17.</span> <span class='ocrx_word' id='word_1_300' title='bbox 1075 1487 1156 1527; x_wconf 83' lang='lat' dir='ltr'>Quoe</span> <span class='ocrx_word' id='word_1_301' title='bbox 1167 1485 1228 1516; x_wconf 82' lang='lat' dir='ltr'>eibi</span> <span class='ocrx_word' id='word_1_302' title='bbox 1235 1495 1360 1515; x_wconf 81' lang='lat' dir='ltr'>summa</span> <span class='ocrx_word' id='word_1_303' title='bbox 1373 1480 1492 1526; x_wconf 77' lang='lat' dir='ltr'>boni?]</span> <span class='ocrx_word' id='word_1_304' title='bbox 1508 1480 1575 1512; x_wconf 86' lang='lat' dir='ltr'>Dic</span> <span class='ocrx_word' id='word_1_305' title='bbox 1584 1503 1596 1520; x_wconf 81' lang='lat'><em>‚</em></span> 
     </span>
     <span class='ocr_line' id='line_1_60' title="bbox 951 1532 1598 1584; baseline -0.012 -12"><span class='ocrx_word' id='word_1_306' title='bbox 951 1549 1088 1584; x_wconf 72' lang='lat' dir='ltr'>quaew,</span> <span class='ocrx_word' id='word_1_307' title='bbox 1104 1545 1145 1570; x_wconf 86' lang='lat' dir='ltr'>tu</span> <span class='ocrx_word' id='word_1_308' title='bbox 1156 1535 1219 1582; x_wconf 90' lang='lat' dir='ltr'>qui</span> <span class='ocrx_word' id='word_1_309' title='bbox 1233 1544 1268 1569; x_wconf 82' lang='lat' dir='ltr'>te</span> <span class='ocrx_word' id='word_1_310' title='bbox 1280 1533 1433 1580; x_wconf 82' lang='lat' dir='ltr'>dignum</span> <span class='ocrx_word' id='word_1_311' title='bbox 1442 1532 1598 1579; x_wconf 87' lang='lat' dir='ltr'>imperio</span> 
     </span>
     <span class='ocr_line' id='line_1_61' title="bbox 951 1585 1596 1637; baseline -0.011 -13"><span class='ocrx_word' id='word_1_312' title='bbox 951 1598 1055 1637; x_wconf 84' lang='lat' dir='ltr'>putas</span> <span class='ocrx_word' id='word_1_313' title='bbox 1068 1614 1079 1630; x_wconf 93' lang='lat'><strong>‚</strong></span> <span class='ocrx_word' id='word_1_314' title='bbox 1094 1601 1203 1636; x_wconf 86' lang='lat' dir='ltr'>quem</span> <span class='ocrx_word' id='word_1_315' title='bbox 1220 1587 1286 1621; x_wconf 78' lang='lat' dir='ltr'>tihi</span> <span class='ocrx_word' id='word_1_316' title='bbox 1304 1586 1408 1632; x_wconf 84' lang='lat' dir='ltr'>fingis</span> <span class='ocrx_word' id='word_1_317' title='bbox 1424 1585 1596 1618; x_wconf 90' lang='lat' dir='ltr'>ultimum</span> 
     </span>
     <span class='ocr_line' id='line_1_62' title="bbox 951 1637 1597 1687; baseline -0.011 -11"><span class='ocrx_word' id='word_1_318' title='bbox 951 1642 1061 1676; x_wconf 81' lang='lat' dir='ltr'>finem</span> <span class='ocrx_word' id='word_1_319' title='bbox 1073 1641 1089 1674; x_wconf 87' lang='lat'>?</span> <span class='ocrx_word' id='word_1_320' title='bbox 1107 1639 1207 1687; x_wconf 88' lang='lat' dir='ltr'>quod</span> <span class='ocrx_word' id='word_1_321' title='bbox 1233 1650 1416 1673; x_wconf 88' lang='lat' dir='ltr'>summum</span> <span class='ocrx_word' id='word_1_322' title='bbox 1439 1637 1597 1671; x_wconf 81' lang='lat' dir='ltr'>hominis</span> 
     </span>
     <span class='ocr_line' id='line_1_63' title="bbox 951 1689 1600 1728; baseline -0.011 0"><span class='ocrx_word' id='word_1_323' title='bbox 951 1695 1089 1728; x_wconf 87' lang='lat' dir='ltr'>bonum</span> <span class='ocrx_word' id='word_1_324' title='bbox 1114 1691 1259 1725; x_wconf 83' lang='lat' dir='ltr'>videtur</span> <span class='ocrx_word' id='word_1_325' title='bbox 1270 1691 1340 1723; x_wconf 86' lang='lat'>?—</span> <span class='ocrx_word' id='word_1_326' title='bbox 1351 1689 1454 1722; x_wconf 70' lang='lat' dir='ltr'>Unctd</span> <span class='ocrx_word' id='word_1_327' title='bbox 1477 1691 1600 1722; x_wconf 62' lang='lat' dir='ltr'>vixisse</span> 
     </span>
     <span class='ocr_line' id='line_1_64' title="bbox 947 1742 1600 1791; baseline -0.009 -11"><span class='ocrx_word' id='word_1_328' title='bbox 947 1747 1083 1791; x_wconf 69' lang='lat' dir='ltr'>patelld.</span> <span class='ocrx_word' id='word_1_329' title='bbox 1096 1747 1235 1791; x_wconf 86' lang='lat' dir='ltr'>Nempe</span> <span class='ocrx_word' id='word_1_330' title='bbox 1244 1744 1412 1790; x_wconf 80' lang='lat' dir='ltr'>voluptas</span> <span class='ocrx_word' id='word_1_331' title='bbox 1426 1742 1493 1776; x_wconf 87' lang='lat' dir='ltr'>tibi</span> <span class='ocrx_word' id='word_1_332' title='bbox 1505 1754 1600 1776; x_wconf 86' lang='lat' dir='ltr'>sum-</span> 
     </span>
     <span class='ocr_line' id='line_1_65' title="bbox 954 1795 1599 1837; baseline -0.008 -3"><span class='ocrx_word' id='word_1_333' title='bbox 954 1813 1056 1834; x_wconf 88' lang='lat' dir='ltr'>mum</span> <span class='ocrx_word' id='word_1_334' title='bbox 1067 1799 1224 1833; x_wconf 88' lang='lat' dir='ltr'>hominis</span> <span class='ocrx_word' id='word_1_335' title='bbox 1235 1799 1375 1831; x_wconf 89' lang='lat' dir='ltr'>bonum</span> <span class='ocrx_word' id='word_1_336' title='bbox 1383 1795 1530 1830; x_wconf 79' lang='lat' dir='ltr'>videtur</span> <span class='ocrx_word' id='word_1_337' title='bbox 1538 1821 1549 1837; x_wconf 89' lang='lat'><em>‚</em></span> <span class='ocrx_word' id='word_1_338' title='bbox 1562 1804 1599 1829; x_wconf 87' lang='lat' dir='ltr'>et</span> 
     </span>
     <span class='ocr_line' id='line_1_66' title="bbox 954 1848 1600 1894; baseline -0.011 -7"><span class='ocrx_word' id='word_1_339' title='bbox 954 1853 1074 1887; x_wconf 80' lang='lat' dir='ltr'>vivere</span> <span class='ocrx_word' id='word_1_340' title='bbox 1102 1850 1199 1884; x_wconf 81' lang='lat' dir='ltr'>uncca¹</span> <span class='ocrx_word' id='word_1_341' title='bbox 1222 1849 1369 1894; x_wconf 70' lang='lat' dir='ltr'>patelld,</span> <span class='ocrx_word' id='word_1_342' title='bbox 1389 1848 1464 1882; x_wconf 88' lang='lat' dir='ltr'>scil.</span> <span class='ocrx_word' id='word_1_343' title='bbox 1494 1848 1600 1881; x_wconf 83' lang='lat' dir='ltr'>lautis</span> 
     </span>
     <span class='ocr_line' id='line_1_67' title="bbox 955 1900 1600 1949; baseline -0.008 -10"><span class='ocrx_word' id='word_1_344' title='bbox 955 1914 991 1939; x_wconf 86' lang='lat' dir='ltr'>et</span> <span class='ocrx_word' id='word_1_345' title='bbox 1002 1904 1160 1938; x_wconf 88' lang='lat' dir='ltr'>delicatis</span> <span class='ocrx_word' id='word_1_346' title='bbox 1172 1902 1261 1938; x_wconf 90' lang='lat' dir='ltr'>cibis</span> <span class='ocrx_word' id='word_1_347' title='bbox 1276 1914 1357 1949; x_wconf 78' lang='lat' dir='ltr'>quae</span> <span class='ocrx_word' id='word_1_348' title='bbox 1369 1900 1501 1949; x_wconf 77' lang='lat' dir='ltr'>patella</span> <span class='ocrx_word' id='word_1_349' title='bbox 1513 1913 1600 1934; x_wconf 77' lang='lat' dir='ltr'>con—-</span> 
     </span>
     <span class='ocr_line' id='line_1_68' title="bbox 955 1958 1188 1994; baseline -0.013 0"><span class='ocrx_word' id='word_1_350' title='bbox 955 1959 1127 1994; x_wconf 84' lang='lat' dir='ltr'>tinentur.</span> <span class='ocrx_word' id='word_1_351' title='bbox 1144 1958 1188 1991; x_wconf 90' lang='lat' dir='ltr'>L.</span> 
     </span>
    </p>
   </div>
   <div class='ocr_carea' id='block_1_11' title="bbox 943 2006 1601 2054">
    <p class='ocr_par' dir='ltr' id='par_1_14' title="bbox 943 2006 1601 2054">
     <span class='ocr_line' id='line_1_69' title="bbox 943 2006 1601 2054; baseline -0.006 -11"><span class='ocrx_word' id='word_1_352' title='bbox 943 2038 950 2043; x_wconf 91' lang='lat'><em>.</em></span> <span class='ocrx_word' id='word_1_353' title='bbox 1007 2012 1062 2045; x_wconf 88' lang='lat'>18.</span> <span class='ocrx_word' id='word_1_354' title='bbox 1088 2014 1132 2044; x_wconf 77' lang='lat' dir='ltr'>Ee</span> <span class='ocrx_word' id='word_1_355' title='bbox 1144 2012 1292 2048; x_wconf 72' lang='grc' dir='ltr'>ωείᾰιιο,</span> <span class='ocrx_word' id='word_1_356' title='bbox 1310 2008 1389 2054; x_wconf 76' lang='lat' dir='ltr'>etc-J</span> <span class='ocrx_word' id='word_1_357' title='bbox 1410 2006 1540 2053; x_wconf 81' lang='lat' dir='ltr'>Tangit</span> <span class='ocrx_word' id='word_1_358' title='bbox 1556 2006 1601 2040; x_wconf 87' lang='lat' dir='ltr'>li-</span> 
     </span>
    </p>
   </div>
   <div class='ocr_carea' id='block_1_12' title="bbox 954 2059 1607 2527">
    <p class='ocr_par' dir='ltr' id='par_1_15' title="bbox 954 2059 1607 2527">
     <span class='ocr_line' id='line_1_70' title="bbox 954 2059 1602 2109; baseline -0.011 -11"><span class='ocrx_word' id='word_1_359' title='bbox 954 2063 1097 2098; x_wconf 87' lang='lat' dir='ltr'>bidines</span> <span class='ocrx_word' id='word_1_360' title='bbox 1126 2071 1164 2098; x_wconf 87' lang='lat' dir='ltr'>et</span> <span class='ocrx_word' id='word_1_361' title='bbox 1196 2062 1409 2109; x_wconf 79' lang='lat' dir='ltr'>probrosam</span> <span class='ocrx_word' id='word_1_362' title='bbox 1440 2059 1602 2106; x_wconf 87' lang='lat' dir='ltr'>corporis</span> 
     </span>
     <span class='ocr_line' id='line_1_71' title="bbox 955 2111 1603 2162; baseline -0.012 -11"><span class='ocrx_word' id='word_1_363' title='bbox 955 2111 1099 2157; x_wconf 73' lang='lat' dir='ltr'>catatu,</span> <span class='ocrx_word' id='word_1_364' title='bbox 1115 2114 1162 2149; x_wconf 85' lang='lat' dir='ltr'>de</span> <span class='ocrx_word' id='word_1_365' title='bbox 1179 2127 1249 2162; x_wconf 84' lang='lat' dir='ltr'>qua</span> <span class='ocrx_word' id='word_1_366' title='bbox 1265 2127 1348 2148; x_wconf 84' lang='lat' dir='ltr'>mox</span> <span class='ocrx_word' id='word_1_367' title='bbox 1363 2114 1468 2160; x_wconf 86' lang='lat' dir='ltr'>plura</span> <span class='ocrx_word' id='word_1_368' title='bbox 1482 2112 1603 2145; x_wconf 84' lang='lat' dir='ltr'>dictu-</span> 
     </span>
     <span class='ocr_line' id='line_1_72' title="bbox 955 2163 1603 2205; baseline -0.014 -1"><span class='ocrx_word' id='word_1_369' title='bbox 955 2181 1031 2205; x_wconf 89' lang='lat' dir='ltr'>rus.</span> <span class='ocrx_word' id='word_1_370' title='bbox 1038 2189 1085 2195; x_wconf 90' lang='lat'>-—</span> <span class='ocrx_word' id='word_1_371' title='bbox 1095 2170 1215 2201; x_wconf 84' lang='lat' dir='ltr'>Curata</span> <span class='ocrx_word' id='word_1_372' title='bbox 1227 2168 1369 2200; x_wconf 84' lang='lat' dir='ltr'>cuticula</span> <span class='ocrx_word' id='word_1_373' title='bbox 1381 2168 1455 2198; x_wconf 82' lang='lat' dir='ltr'>sole.</span> <span class='ocrx_word' id='word_1_374' title='bbox 1470 2165 1514 2197; x_wconf 89' lang='lat' dir='ltr'>In</span> <span class='ocrx_word' id='word_1_375' title='bbox 1529 2163 1603 2196; x_wconf 86' lang='lat' dir='ltr'>sole</span> 
     </span>
     <span class='ocr_line' id='line_1_73' title="bbox 955 2219 1605 2269; baseline -0.014 -13"><span class='ocrx_word' id='word_1_376' title='bbox 955 2221 1124 2269; x_wconf 80' lang='lat' dir='ltr'>api-icari,</span> <span class='ocrx_word' id='word_1_377' title='bbox 1133 2219 1329 2254; x_wconf 87' lang='lat' dir='ltr'>cuticulam</span> <span class='ocrx_word' id='word_1_378' title='bbox 1340 2229 1483 2258; x_wconf 86' lang='lat' dir='ltr'>curare,</span> <span class='ocrx_word' id='word_1_379' title='bbox 1494 2223 1605 2260; x_wconf 89' lang='lat' dir='ltr'>atque</span> 
     </span>
     <span class='ocr_line' id='line_1_74' title="bbox 956 2267 1605 2318; baseline -0.015 -9"><span class='ocrx_word' id='word_1_380' title='bbox 956 2271 1329 2318; x_wconf 87' lang='lat' dir='ltr'>insolare.Nempe&#39;1n</span> <span class='ocrx_word' id='word_1_381' title='bbox 1345 2269 1481 2303; x_wconf 86' lang='lat' dir='ltr'>deliciis</span> <span class='ocrx_word' id='word_1_382' title='bbox 1493 2267 1605 2301; x_wconf 86' lang='lat' dir='ltr'>habe-</span> 
     </span>
     <span class='ocr_line' id='line_1_75' title="bbox 957 2321 1603 2370; baseline -0.017 -7"><span class='ocrx_word' id='word_1_383' title='bbox 957 2329 1045 2363; x_wconf 89' lang='lat' dir='ltr'>bant</span> <span class='ocrx_word' id='word_1_384' title='bbox 1058 2335 1216 2365; x_wconf 80' lang='lat' dir='ltr'>veteres,</span> <span class='ocrx_word' id='word_1_385' title='bbox 1236 2326 1363 2370; x_wconf 86' lang='lat' dir='ltr'>hyeme</span> <span class='ocrx_word' id='word_1_386' title='bbox 1391 2321 1469 2355; x_wconf 91' lang='lat' dir='ltr'>ad</span> <span class='ocrx_word' id='word_1_387' title='bbox 1458 2333 1603 2367; x_wconf 75' lang='lat' dir='ltr'>iguem,</span> 
     </span>
     <span class='ocr_line' id='line_1_76' title="bbox 961 2373 1607 2419; baseline -0.017 -4"><span class='ocrx_word' id='word_1_388' title='bbox 961 2389 1079 2415; x_wconf 71' lang='lat' dir='ltr'>aestate</span> <span class='ocrx_word' id='word_1_389' title='bbox 1098 2378 1143 2412; x_wconf 86' lang='lat' dir='ltr'>ad</span> <span class='ocrx_word' id='word_1_390' title='bbox 1166 2378 1275 2412; x_wconf 85' lang='lat' dir='ltr'>solem</span> <span class='ocrx_word' id='word_1_391' title='bbox 1298 2375 1378 2408; x_wconf 88' lang='lat' dir='ltr'>oleo</span> <span class='ocrx_word' id='word_1_392' title='bbox 1399 2385 1532 2419; x_wconf 85' lang='lat' dir='ltr'>corpus</span> <span class='ocrx_word' id='word_1_393' title='bbox 1549 2373 1607 2406; x_wconf 84' lang='lat' dir='ltr'>in-</span> 
     </span>
     <span class='ocr_line' id='line_1_77' title="bbox 961 2425 1607 2479; baseline -0.014 -12"><span class='ocrx_word' id='word_1_394' title='bbox 961 2445 1118 2479; x_wconf 90' lang='lat' dir='ltr'>ungere,</span> <span class='ocrx_word' id='word_1_395' title='bbox 1137 2442 1211 2476; x_wconf 84' lang='lat' dir='ltr'>quo</span> <span class='ocrx_word' id='word_1_396' title='bbox 1229 2427 1370 2461; x_wconf 87' lang='lat' dir='ltr'>facilius</span> <span class='ocrx_word' id='word_1_397' title='bbox 1387 2425 1481 2460; x_wconf 88' lang='lat' dir='ltr'>illud</span> <span class='ocrx_word' id='word_1_398' title='bbox 1498 2426 1607 2459; x_wconf 84' lang='lat' dir='ltr'>imbi-</span> 
     </span>
     <span class='ocr_line' id='line_1_78' title="bbox 959 2478 1607 2527; baseline -0.012 -9"><span class='ocrx_word' id='word_1_399' title='bbox 959 2485 1084 2523; x_wconf 82' lang='lat' dir='ltr'>heret,</span> <span class='ocrx_word' id='word_1_400' title='bbox 1103 2493 1220 2527; x_wconf 88' lang='lat' dir='ltr'>eoque</span> <span class='ocrx_word' id='word_1_401' title='bbox 1245 2479 1383 2513; x_wconf 84' lang='lat' dir='ltr'>robust=</span> <span class='ocrx_word' id='word_1_402' title='bbox 1385 2491 1437 2512; x_wconf 88' lang='lat' dir='ltr'>un</span> <span class='ocrx_word' id='word_1_403' title='bbox 1460 2490 1501 2511; x_wconf 90' lang='lat' dir='ltr'>ac</span> <span class='ocrx_word' id='word_1_404' title='bbox 1521 2478 1607 2512; x_wconf 87' lang='lat' dir='ltr'>niti·</span> 
     </span>
    </p>
   </div>
   <div class='ocr_carea' id='block_1_13' title="bbox 962 2531 1605 2635">
    <p class='ocr_par' dir='ltr' id='par_1_16' title="bbox 962 2531 1605 2635">
     <span class='ocr_line' id='line_1_79' title="bbox 962 2531 1605 2574; baseline -0.011 -3"><span class='ocrx_word' id='word_1_405' title='bbox 962 2537 1051 2571; x_wconf 89' lang='lat' dir='ltr'>dum</span> <span class='ocrx_word' id='word_1_406' title='bbox 1080 2534 1195 2568; x_wconf 86' lang='lat' dir='ltr'>fieret.</span> <span class='ocrx_word' id='word_1_407' title='bbox 1227 2532 1423 2574; x_wconf 77' lang='lat' dir='ltr'>Martialis,</span> <span class='ocrx_word' id='word_1_408' title='bbox 1450 2532 1515 2565; x_wconf 86' lang='lat' dir='ltr'>lib.</span> <span class='ocrx_word' id='word_1_409' title='bbox 1545 2531 1605 2574; x_wconf 87' lang='lat' dir='ltr'>X,</span> 
     </span>
     <span class='ocr_line' id='line_1_80' title="bbox 962 2589 1144 2635; baseline -0.022 -12"><span class='ocrx_word' id='word_1_410' title='bbox 962 2589 1057 2635; x_wconf 80' lang='lat' dir='ltr'>epig.</span> <span class='ocrx_word' id='word_1_411' title='bbox 1081 2600 1144 2621; x_wconf 61' lang='grc' dir='ltr'>ιιι</span> 
     </span>
    </p>
   </div>
   <div class='ocr_carea' id='block_1_14' title="bbox 962 2648 1608 2781">
    <p class='ocr_par' dir='ltr' id='par_1_17' title="bbox 962 2648 1608 2781">
     <span class='ocr_line' id='line_1_81' title="bbox 962 2648 1608 2691; baseline -0.003 -10"><span class='ocrx_word' id='word_1_412' title='bbox 962 2652 993 2687; x_wconf 94' lang='lat'>1,</span> <span class='ocrx_word' id='word_1_413' title='bbox 1006 2660 1133 2691; x_wconf 86' lang='lat' dir='ltr'>precor,</span> <span class='ocrx_word' id='word_1_414' title='bbox 1125 2662 1132 2668; x_wconf 90' lang='lat'><strong>·</strong></span> <span class='ocrx_word' id='word_1_415' title='bbox 1147 2655 1179 2679; x_wconf 88' lang='lat' dir='ltr'>et</span> <span class='ocrx_word' id='word_1_416' title='bbox 1189 2656 1272 2680; x_wconf 86' lang='lat' dir='ltr'>totos</span> <span class='ocrx_word' id='word_1_417' title='bbox 1283 2649 1373 2679; x_wconf 66' lang='lat' dir='ltr'>avidi</span> <span class='ocrx_word' id='word_1_418' title='bbox 1384 2655 1453 2680; x_wconf 86' lang='lat' dir='ltr'>cute</span> <span class='ocrx_word' id='word_1_419' title='bbox 1464 2648 1608 2679; x_wconf 85' lang='lat' dir='ltr'>combibe</span> 
     </span>
     <span class='ocr_line' id='line_1_82' title="bbox 968 2696 1608 2781; baseline -0.003 -9"><span class='ocrx_word' id='word_1_420' title='bbox 968 2696 1233 2781; x_wconf 56' lang='lat' dir='ltr'>Quaiiiol&#39;gsrinosus</span> <span class='ocrx_word' id='word_1_421' title='bbox 1249 2741 1325 2772; x_wconf 71' lang='lat' dir='ltr'>eris*</span> <span class='ocrx_word' id='word_1_422' title='bbox 1318 2763 1554 2772; x_wconf 88' lang='lat'><strong>........</strong></span> <span class='ocrx_word' id='word_1_423' title='bbox 1573 2742 1608 2770; x_wconf 86' lang='grc' dir='ltr'>Ρ.</span> 
     </span>
    </p>
   </div>
  </div>
 </body>
</html>
