1846 3184
333 268 390 319 46
669 266 1006 309 A.PERSII
1044 267 1292 309 FLACCI

388 349 494 402 Quae
517 348 600 389 nisi
622 347 802 390 seductis
825 363 1010 405 nequeas
1031 349 1293 391 committere
1311 348 1433 390 divis.

390 425 447 465 At
463 423 578 466 hona
594 438 689 481 pars
706 438 931 481 procerum
953 424 1077 467 tacita
1092 424 1245 466 libabit
1261 426 1418 465 acerra.
1635 428 1654 465 5

333 544 381 578 tri
400 568 411 585 ‚
437 544 598 578 litabant.
630 543 755 578 Horat.
782 543 847 577 lib.
878 545 937 578 ΙΙΙ
954 569 965 587 ,

331 596 392 631 od.
412 610 432 644 7
449 610 458 630 ε

492 646 564 675 Cras
579 645 712 676 Genium
725 655 812 675 mero

412 692 538 721 Cui-abis
547 715 555 728 ‚
572 699 603 722 et
616 702 713 731 porco
727 692 866 722 bimestri

413 739 490 768 Cum
500 739 622 769 famulis
632 748 762 779 operum
773 739 890 769 solutis.

330 805 471 855 Cuique
479 809 586 855 genti,
591 809 785 855 praesertim
791 809 968 850 Romanae,

330 873 475 908 quoque
488 862 623 896 Genius
635 870 708 896 erat
719 861 963 907 peculiaris‚ut

329 920 428 957 patet
444 925 489 946 ex
506 912 539 945 N
541 925 649 946 umm.
666 912 964 946 Constantinianae

329 964 469 999 familiae
480 990 491 1007 ‚
514 965 646 1012 quibus
670 978 714 999 ex
738 968 844 999 altera
866 975 965 1013 parte

327 1025 396 1052 stat
407 1017 606 1053 adolescens
620 1017 739 1052 nudus
747 1044 758 1060 ‚
773 1018 896 1053 dextra
907 1032 968 1066 pa-

329 1077 441 1104 teram
469 1080 589 1105 tenens
602 1096 612 1111 ‚
633 1071 773 1105 sinistra
794 1083 968 1106 cornuco-

328 1120 425 1167 piam
435 1147 446 1164 ‚
465 1134 548 1156 cum
561 1122 626 1156 hic
644 1122 895 1169 inscriptione:

353 1184 439 1207 ome
450 1186 495 1209 ιο
517 1187 679 1210 rervm
703 1186 855 1209 nomm
866 1187 894 1209 1.
907 1177 951 1209 A.

330 1248 376 1253 —-
384 1230 458 1261 Non
484 1238 519 1261 tu
539 1242 637 1273 prece
646 1254 657 1268 ,
673 1239 732 1262 etc.
754 1229 786 1262 Ο
810 1229 967 1263 Macrine

329 1282 465 1328 optime
477 1307 488 1324 ‚
504 1294 579 1316 non
596 1291 638 1316 tu
655 1280 806 1328 perinde
821 1294 860 1315 ac
873 1282 967 1317 avari

327 1334 457 1380 injusta
475 1343 555 1370 vota
578 1335 655 1368 Diis
678 1347 885 1382 nuncupas;
901 1348 967 1369 nec

327 1387 436 1421 ullam
446 1399 529 1421 cum
541 1387 583 1421 iis
591 1386 886 1422 nundinationem
899 1388 967 1421 im-

326 1440 424 1487 piam
432 1444 722 1474 exerces.——-Prece
732 1442 844 1473 emaci.
853 1441 966 1474 Tech-

328 1494 409 1527 nica
432 1495 568 1528 locutio
579 1519 590 1536 ‚
610 1495 686 1539 ἐυχῇ
711 1496 867 1540 ἐμπορικῇ
879 1521 888 1536 ,
907 1495 967 1528 cui

328 1547 528 1592 opponitur
541 1548 577 1581 τὸ
598 1547 707 1586 ἁπλῶς
723 1547 777 1581 καὶ
791 1548 966 1593 ἐλευθερίως

328 1600 476 1643 εὔχεσθαι
485 1623 494 1636 ,
512 1599 626 1634 oratio
648 1599 802 1646 simplex
824 1608 859 1633 et
877 1599 966 1633 libe-

327 1650 421 1684 ralis.
444 1649 640 1697 Impudens
665 1659 783 1684 autem
805 1659 839 1685 et
859 1651 969 1697 impia

327 1711 379 1737 est
387 1704 452 1737 ista
461 1715 542 1737 cum
550 1704 626 1737 Diis
633 1704 763 1751 pactio:
772 1704 801 1738 si
811 1703 968 1751 quidem,

327 1755 396 1790 hoc
407 1756 463 1791 vel
477 1755 568 1790 illud
580 1757 668 1790 mihi
681 1756 879 1801 largimini,
887 1751 969 1791 'haec

328 1817 364 1842 et
376 1808 435 1842 illa
447 1808 541 1842 dona
554 1809 746 1856 rependam
757 1810 869 1844 vobis.
881 1809 966 1843 Vid.

326 1860 419 1894 Plat.
446 1861 485 1894 in
513 1861 748 1908 Eutyphrone
763 1874 774 1905 ;
800 1861 966 1897 eumdem

326 1914 366 1947 in
380 1913 552 1948 Alcibiad.
566 1915 658 1962 Dial.
677 1928 732 1950 11.
749 1916 790 1951 C.
810 1924 846 1950 et
862 1915 904 1949 P.

1065 549 1099 586 4.
1137 546 1288 578 Seduceis.
1308 545 1320 590 ]
1355 544 1465 586 Quasi
1498 557 1657 579 seorsum

1018 596 1135 631 ductis
1154 606 1188 631 et
1203 597 1312 639 clam,
1329 597 1412 643 quia
1432 598 1547 644 pal'am
1565 601 1657 646 ejus-

1017 650 1117 685 modi
1127 659 1209 686 vota
1223 663 1410 697 nunquam
1423 650 1517 685 fiunt
1532 663 1540 684 ε
1556 649 1658 686 unde

1017 706 1150 737 seductis
1165 702 1261 738 idem
1274 705 1366 738 valet
1385 703 1483 750 quod
1501 706 1659 748 corruptis

1019 756 1226 790 muneribus
1236 768 1246 798 ;
1260 769 1341 790 nam
1353 768 1459 790 nemo
1467 781 1477 798 ‚
1488 756 1557 790 nisi
1569 757 1660 790 clam

1018 818 1054 843 et
1067 809 1165 856 quasi
1177 822 1332 844 seorsum
1344 809 1486 852 ductus,
1499 821 1659 843 corrum-

1014 862 1122 908 pitur.
1129 861 1234 896 Unde
1243 861 1404 896 eruditus
1413 863 1517 896 abbas
1526 866 1665 907 Leman-¹

1015 917 1096 953 πίεν,
1102 914 1141 947 in
1149 927 1210 948 sua
1215 915 1508 962 interpretatione
1515 916 1660 956 Gallica,

1017 966 1156 1001 dixerat
1172 980 1181 1000 ι
1205 969 1302 1011 qu'on
1322 970 1473 1002 n'oserait
1483 971 1660 1002 demandet·

1019 1032 1089 1052 aux
1104 1021 1214 1052 Diem-2·
1222 1044 1234 1059 ,
1249 1021 1398 1064 qu'apres
1417 1024 1462 1054 les
1480 1024 1570 1054 avoir
1585 1023 1660 1054 cire's

1019 1075 1042 1106 ὰ
1063 1075 1196 1114 lucam
1215 1081 1272 1115 at,
1294 1086 1362 1120 pro
1384 1076 1460 1109 tir-is
1481 1076 1504 1108 ὰ
1525 1074 1660 1114 I'anrt,

1018 1126 1178 1172 reposuit
1195 1129 1346 1167 Diderot,
1362 1128 1499 1167 siduita-
1515 1135 1551 1162 et
1565 1128 1660 1162 infra

1018 1178 1158 1213 addidit
1180 1192 1189 1212 ε
1217 1179 1376 1226 j’incline
1406 1192 1502 1226 pour
1531 1181 1660 1218 seduits.

1018 1231 1116 1266 Pour
1130 1245 1302 1279 proposer
1317 1245 1369 1266 un
1382 1233 1491 1279 pareil
1505 1233 1659 1279 echange

1018 1298 1089 1319 aux
1109 1286 1247 1327 Dieux,
1266 1286 1291 1319 il
1315 1285 1468 1320 faudrait
1491 1287 1541 1320 les
1563 1286 1663 1321 avoir

1019 1350 1228 1386 corrompus
1248 1364 1258 1381 ‚
1283 1338 1417 1374 seduits
1450 1352 1517 1386 par
1545 1339 1579 1373 le
1608 1351 1662 1373 sa·

1018 1390 1136 1424 crifice
1145 1416 1155 1432 ‚
1169 1404 1306 1426 comme
1315 1404 1362 1425 on
1376 1387 1493 1425 sedilit
1505 1391 1555 1438 les
1561 1393 1662 1438 juges

1018 1457 1082 1490 par
1092 1443 1153 1478 des
1163 1447 1333 1490 presents.
1345 1444 1460 1491 Hujus
1470 1444 1660 1491 explicatio

1018 1505 1175 1531 nostram
1185 1509 1258 1530 non
1270 1496 1426 1531 infirmat
1438 1510 1447 1530 :
1461 1510 1543 1531 nam
1553 1509 1659 1530 nemo

1019 1549 1128 1582 alium
1140 1561 1368 1596 corrumpere
1384 1557 1503 1596 potest
1521 1549 1635 1596 palam
1647 1574 1659 1592 ‚

1019 1614 1137 1636 coram
1148 1603 1295 1636 testibus
1305 1615 1316 1646 ς
1328 1602 1389 1637 sed
1401 1603 1506 1643 clam,
1516 1610 1551 1636 et
1561 1602 1662 1650 quasi

1021 1665 1181 1687 seorsum
1193 1665 1276 1687 eum
1289 1653 1416 1695 trahit,
1429 1655 1519 1685 ducit
1527 1651 1572 1686 ad
1585 1664 1662 1687 cor-

1020 1704 1288 1752 rumpendum3
1306 1704 1403 1740 unde
1420 1704 1662 1751 metaphorice

1019 1760 1151 1791 seducit:
1158 1757 1249 1792 hene
1256 1767 1376 1792 autem
1386 1757 1522 1792 dicitur
1528 1757 1662 1791 Gallice

1018 1814 1123 1845 se'duit
1136 1812 1245 1846 horno
1263 1812 1312 1846 ita
1330 1819 1534 1858 corruptus.
1554 1812 1598 1845 A.

1067 1864 1101 1899 5.
1123 1864 1235 1897 Tacita
1246 1866 1363 1898 libabit
1374 1863 1517 1910 acerui]
1535 1860 1661 1896 Acerra

1016 1929 1075 1952 vas
1095 1926 1146 1951 est
1167 1917 1206 1951 in
1228 1926 1303 1964 quo
1321 1917 1405 1951 thus
1425 1915 1471 1951 ad
1491 1915 1663 1950 olendum

373 2028 416 2059 V.
436 2027 467 2059 5.
485 2027 620 2059 Libabit.
638 2042 652 2057 ι
665 2029 859 2070 Perperam,
877 2029 988 2070 inquit
1009 2029 1243 2067 Casanhonus,
1257 2029 1313 2060 alii
1330 2029 1429 2068 libri,
1445 2028 1556 2060 libavit
1561 2040 1576 2066 ,·
1593 2038 1664 2061 non

331 2093 345 2107 ι
360 2080 450 2110 enim
465 2080 513 2110 sic
529 2080 639 2111 Latini
654 2081 859 2122 loquuntur,
874 2091 991 2111 verum
1005 2082 1122 2113 Graeci.
1138 2082 1320 2113 Menander
1334 2081 1424 2123 apud
1436 2081 1637 2115 Athenaeum
1652 2092 1661 2111 τ

332 2149 347 2162 α
361 2130 406 2165 τὰ
428 2134 685 2178 κεκαρυκευμένα
712 2134 831 2178 μᾶλλον
861 2129 1082 2179 προσεδέξατο
1098 2157 1107 2170 ,
1132 2134 1167 2165 id
1193 2141 1262 2173 est,
1287 2130 1527 2180 προσδέχεσθαι
1554 2134 1634 2177 φιλεῖ
1648 2144 1660 2175 ;

329 2201 343 2214 «
353 2186 505 2228 loquitur
519 2187 608 2217 enim
625 2187 666 2218 de
683 2187 854 2232 communi
871 2197 971 2217 more.
985 2186 1182 2218 Plutarchus
1199 2188 1237 2218 in
1250 2187 1422 2230 praeceptis
1434 2185 1659 2230 nuptialibus:

332 2255 347 2268 ι
363 2239 391 2272 οἱ
409 2242 452 2284 τῇ
469 2238 616 2284 γαμηλίᾳ
638 2240 764 2278 θύοντες
787 2233 877 2285 Ἡρᾳ,
896 2238 955 2275 τὴν
980 2239 1074 2282 χολὴν
1103 2240 1137 2272 οὐ
1163 2239 1430 2285 συγκαθαγίζουσι
1459 2239 1523 2276 τοῖς
1551 2237 1658 2276 ἄλλοις

332 2309 346 2322 ι
361 2292 453 2336 ἱεροῖς
465 2317 474 2333 ,
492 2290 561 2325 ἀλλ’
578 2290 734 2332 ἐξελόντες
751 2291 875 2338 ἔρριψαν
890 2291 963 2337 περὶ
981 2291 1034 2324 τὸν
1057 2291 1164 2336 βωμόν
1176 2315 1188 2332 ,
1206 2290 1272 2322 hoc
1291 2297 1358 2329 est,
1374 2291 1494 2336 ῥίπτειν
1515 2289 1658 2323 εἰώθασι.

329 2360 343 2372 ι
358 2346 411 2376 Sic
430 2347 597 2377 Homerus
613 2351 646 2377 et
663 2345 720 2377 alii
735 2347 839 2387 poe'tae
848 2366 858 2383 ‚
872 2343 1063 2389 quodfalibi
1079 2343 1276 2375 notabamus
1290 2354 1298 2374 ι
1313 2349 1347 2374 at
1362 2342 1492 2375 liebraei
1504 2350 1535 2374 et
1547 2343 1656 2375 Latini

329 2413 344 2427 ι
356 2391 540 2441 plurimum
556 2399 670 2431 futuro
685 2405 837 2430 utuntur.
854 2398 1030 2430 Horatius:
1283 2409 1285 2411 ·

712 2456 786 2485 Non
800 2454 851 2485 hic
865 2454 1011 2495 cuiquam
1024 2459 1131 2493 parcet
1146 2453 1255 2484 amico.

330 2512 345 2525 ι
358 2500 379 2531 J
382 2499 528 2531 uvenalis
540 2509 548 2530 :

571 2542 626 2573 Nil
640 2542 770 2573 vetitum
781 2542 891 2573 fecisse
903 2542 986 2572 volet
997 2564 1006 2578 ,
1024 2551 1116 2583 quem
1127 2552 1192 2571 non
1205 2541 1302 2581 pudet
1311 2541 1374 2571 alto

571 2593 630 2621 Per
642 2591 771 2632 glaciem
781 2601 899 2630 perone
914 2590 988 2630 tegi.
1013 2613 1020 2620 .
1046 2612 1053 2619 .
1075 2605 1087 2621 ε
1111 2602 1385 2619 .........

328 2646 403 2676 Vet.
420 2645 521 2677 schol.
537 2645 649 2677 libavit
655 2658 670 2683 ;
687 2645 732 2676 ita
751 2645 824 2677 cod.
842 2644 991 2686 Pithoei,
1005 2642 1046 2678 u⁰
1063 2644 1172 2684 8245,
1189 2643 1262 2676 cod.
1279 2643 1483 2677 Mazarineus
1493 2666 1502 2684 ,
1517 2645 1650 2676 Putem.

333 2698 443 2739 minus
459 2699 553 2731 bene.
572 2700 652 2733 Cod.
670 2706 795 2739 noster,
813 2698 931 2731 libabit.

1826 2653 1846 2717 ⁴:5⁴1&ss
1830 2527 1846 2644 ⁴-m
1841 2517 1846 2520 Α
1834 2506 1846 2511 ι
1834 2475 1846 2501 ‚⁸-
1838 2429 1846 2460 .

1832 2859 1837 2862 ·
1836 2845 1842 2851 ·
1831 2811 1846 2836 ..v
1824 2755 1846 2807 ᾗς
1828 2719 1846 2749 lus.

1816 3134 1836 3184 ‘³²5'-
