1846 3184
680 274 938 317 SATIRA
972 273 1081 316 111.

1500 290 1554 334 77

272 357 371 400 Neu
390 356 489 414 quis
515 354 711 397 mllidior
731 354 896 397 buxum
920 365 1122 411 torquere
1144 352 1324 413 flagello.

281 432 410 474 Haud
422 432 504 473 tibi
521 431 789 489 inexpertum
806 445 959 472 curvos
976 429 1241 488 deprendere
1255 444 1396 472 mores
1409 461 1423 483 ‚

276 507 467 564 Quaeque
481 505 607 548 docet
623 506 791 564 sapiens
801 537 814 558 ‚
829 505 1036 548 braccatis
1052 505 1159 547 illita
1174 503 1314 546 Medis

277 580 473 623 Porticus
483 613 496 634 ,
511 567 716 622 insomnis
732 580 891 638 quibus
908 590 951 622 et
967 579 1143 622 detonsa
1153 581 1352 636 juventus

278 655 476 714 Invigilat
487 686 500 708 ,
518 655 682 712 siliquis
695 666 738 697 et
752 654 902 713 grandi
918 665 1035 713 pasta
1049 654 1247 712 polent35
1303 645 1306 647 ’
1513 659 1558 695 55

221 789 279 823 De
292 788 360 822 hoc
377 787 456 822 ludi
472 800 600 832 genere
615 787 699 822 vide
715 799 864 834 quoque

220 840 428 882 Pollucem,
439 841 502 875 lib.
517 842 569 875 IX
579 866 590 882 ‚
602 853 677 887 oep.
690 854 727 886 7,
741 853 865 887 quam·

222 893 306 928 dam
322 894 396 928 haec
408 893 503 927 lusio
520 893 794 927 similitudinem
806 892 867 926 ha·

220 946 307 980 bere
314 945 458 994 videtur
467 958 550 981 cum
558 946 628 985 illa,
634 958 742 994 quam
752 945 866 979 nostri

222 997 351 1033 dicunt
359 999 538 1042 lusanae,
549 1011 621 1044 qua
631 997 773 1032 luditur
782 1010 866 1031 cum

222 1051 379 1097 globulis
388 1076 399 1091 ,
410 1063 473 1084 seu
486 1051 635 1084 nucleis.
652 1051 696 1084 A.

273 1103 330 1136 51.
342 1105 414 1135 Neu
427 1104 499 1145 quis
509 1104 659 1135 callidior
670 1105 790 1134 buxum
802 1111 868 1134 wr-

171 1150 175 1154 ’
225 1157 349 1199 quera]
354 1154 624 1194 Turbo‚Graecis
631 1154 769 1201 βέμῧηξ,
776 1155 867 1189 Gall.

226 1210 259 1240 le
268 1209 371 1245 sabat,
381 1206 473 1240 lusio
482 1206 549 1240 alia
557 1206 706 1252 puerilis
713 1206 795 1240 satis
805 1217 868 1239 no-

228 1268 265 1294 ta
278 1272 288 1292 :
306 1258 379 1293 vid.
396 1259 498 1305 Virg.
519 1260 604 1293 Aen.
618 1259 713 1300 Vll,
729 1272 765 1293 v.
785 1258 864 1303 379.

274 1311 333 1345 52.
356 1313 456 1344 Haud
472 1313 533 1344 tibi
551 1313 774 1355 nhc-rpem]
790 1311 867 1356 Ego

226 1376 321 1411 puer
339 1372 376 1398 et
398 1365 492 1398 atati
515 1376 600 1397 meae
624 1371 659 1397 et
677 1364 867 1409 proposito

223 1428 324 1457 meo,
331 1417 397 1451 etsi
408 1417 518 1457 malo,
526 1416 781 1450 convenienter
790 1427 868 1461 age-

226 1469 330 1506 Bam:
345 1477 386 1503 tu
404 1482 513 1510 vero,
529 1470 592 1516 qui
609 1481 676 1503 nec
688 1470 760 1515 jam
774 1481 866 1514 puer

226 1533 281 1561 es,
290 1522 428 1568 quique
443 1535 481 1555 es
496 1522 657 1556 imbutus
669 1522 867 1555 stoicorum

223 1575 412 1621 praecptis
437 1574 567 1608 divinis
578 1600 590 1617 ,
611 1574 867 1620 ignorationem

227 1636 323 1661 certe
337 1628 427 1661 recti
446 1636 640 1673 praetexere
658 1640 732 1661 non
751 1636 865 1673 potes.

226 1699 274 1705 —
283 1680 403 1713 Canos
414 1682 609 1723 deprendere
626 1693 740 1713 mores.
755 1680 868 1714 Curvi

225 1729 400 1765 dicuntur
429 1744 545 1765 mores
558 1757 570 1773 ‚
591 1733 663 1779 ,qui
688 1731 735 1765 ad
764 1740 869 1765 rectae

226 1783 372 1817 rationis
380 1783 562 1817 obrussam
570 1796 644 1817 nou
652 1792 737 1817 sunt
746 1783 868 1817 exacti.

229 1836 364 1870 Contra
371 1838 610 1882 κατορθώμιτᾳ.
624 1837 743 1870 stoicis
749 1861 760 1878 ,
771 1845 868 1870 recte

229 1888 331 1931 facta.
348 1887 406 1920 Sic
423 1887 522 1933 apud
538 1887 707 1922 Senecam
722 1895 757 1921 et
772 1887 866 1921 Plin.

229 1952 326 1972 curva
353 1941 529 1986 corrigere
549 1964 560 1981 ,
584 1952 653 1986 pro
684 1951 867 1974 censorem

229 2004 346 2038 agere.
361 1992 404 2025 C.

279 2043 334 2078 53.
341 2046 543 2078 Bracaris...-
550 2045 676 2091 Media]
688 2049 871 2085 Brut-catus,

229 2109 251 2130 a
264 2096 410 2138 bracca,
422 2110 550 2143 genere
563 2099 673 2131 vestis
682 2123 693 2139 ‚
710 2100 780 2144 qua
795 2108 871 2132 ute-

227 2149 362 2183 bantur
371 2149 479 2191 Galli,
489 2150 642 2197 Scytha,
654 2150 768 2191 Medi,
782 2150 873 2184 alia-

231 2215 303 2249 que
328 2203 484 2237 barbarae
506 2212 644 2250 gentes.
653 2224 701 2229 —
712 2206 869 2237 Porticus.

228 2255 294 2288 Illa
322 2257 487 2301 porticus
514 2256 663 2290 Athenis
697 2264 772 2290 erat
795 2282 807 2298 ,
836 2264 872 2290 et

227 2308 293 2347 ςοὰ
310 2310 526 2352 vocabatur;
546 2309 646 2343 unde
670 2310 779 2343 Stoici
802 2322 870 2347 no-

229 2360 367 2393 minati.
402 2360 453 2394 Ea
494 2373 642 2407 quoque
684 2360 871 2394 dicebatur

914 789 1042 824 ποικίλη
1056 811 1065 825 ‚
1093 788 1141 822 ob
1165 787 1316 834 picture
1337 788 1556 823 varietatem.

916 840 961 873 In
979 839 1173 886 parietibus
1189 840 1286 874 enim
1304 840 1404 874 illius
1421 840 1559 887 depicti

916 901 1016 926 erant
1032 892 1147 927 Persa
1163 900 1201 927 et
1218 891 1317 926 Medi
1336 905 1422 927 cum
1437 894 1559 928 Xerxe

917 952 953 978 et
970 944 1079 978 Dario
1100 944 1243 990 regibus
1265 945 1423 990 superati
1439 957 1460 978 a
1475 945 1561 978 Mil-

916 995 1011 1030 tiade
1022 1021 1033 1038 ‚
1051 995 1210 1030 Leonida
1240 1005 1277 1031 et
1302 996 1558 1032 Themistocle.

918 1048 1001 1083 Vid.
1013 1049 1211 1091 Laenium,
1227 1058 1263 1083 et
1279 1049 1379 1083 alios.
1400 1050 1441 1083 P.

966 1102 1023 1143 54.
1050 1104 1209 1135 Insomm's
1232 1104 1377 1147 quibu]
1394 1102 1487 1144 Scis,
1505 1103 1562 1136 in·

920 1155 1022 1202 quit,
1039 1155 1098 1189 illa
1122 1167 1200 1202 qum
1223 1154 1401 1189 docentur
1418 1156 1458 1189 in
1476 1168 1562 1202 por·

917 1209 993 1242 tien
1006 1232 1017 1247 ,
1038 1215 1074 1242 et
1101 1209 1218 1251 quibus
1234 1210 1387 1252 juventus
1411 1209 1564 1241 insomne}

917 1261 1071 1304 invigilat.
1082 1260 1195 1294 Aliter
1203 1273 1213 1293 ε
1229 1273 1373 1307 operam
1382 1262 1455 1307 jam
1468 1261 1564 1296 mul·

918 1322 989 1346 tam
998 1314 1035 1347 in
1042 1313 1163 1347 studio
1171 1314 1404 1360 philosophia
1410 1314 1563 1361 posuisti

919 1365 985 1399 sub
998 1365 1111 1398 stoico
1122 1365 1288 1412 magistro
1299 1390 1310 1406 ,
1327 1366 1561 1412 imbutusque

918 1429 957 1451 es
978 1418 1054 1463 ejus
1070 1416 1270 1463 disciplina.
1291 1417 1441 1451 Duabus
1464 1419 1561 1452 notis

917 1470 977 1504 hic
990 1469 1178 1516 distinguit
1188 1471 1282 1504 hanc
1291 1464 1462 1508 l‘mmzzr‘w
1477 1473 1562 1517 ἀγω-

917 1523 977 1568 γὴν
992 1523 1119 1556 scholae
1133 1523 1271 1564 stoicae,
1287 1523 1363 1557 scil.
1376 1523 1562 1570 diligentia

918 1575 962 1608 iu
982 1573 1110 1608 studiis
1123 1599 1135 1616 ‚
1163 1584 1199 1610 et
1228 1576 1397 1609 tenuitate
1424 1576 1558 1610 cultus.

919 1647 966 1652 ——
977 1630 1129 1659 Decuma.
1157 1627 1231 1668 Qui
1256 1627 1451 1673 discipline
1476 1628 1562 1661 stoi-

920 1691 1046 1712 corum
1065 1691 1102 1712 se
1122 1678 1251 1712 dabant
1262 1704 1274 1721 ,
1290 1679 1453 1713 habitum
1470 1692 1562 1726 quo·

922 1744 993 1777 que
1003 1732 1227 1765 assumebant
1238 1740 1337 1766 sectae
1350 1744 1416 1766 con
1422 1732 1564 1775 venien-

920 1793 1004 1817 tem.
1030 1784 1112 1818 Non
1143 1784 1283 1818 alebant
1311 1797 1448 1819 comam
1462 1810 1474 1826 ,
1498 1784 1563 1819 sed

918 1836 1069 1869 strictim
1083 1835 1278 1871 tondebant
1290 1861 1302 1879 ,
1319 1837 1419 1871 unde
1433 1838 1493 1872 bic
1504 1840 1560 1870 de-

918 1899 1010 1921 wnsa
1021 1891 1191 1933 juoemus,·
1205 1902 1273 1936 pro
1288 1891 1423 1931 stratis,
1438 1891 1561 1937 graba-

919 1941 1038 1974 tulum
1055 1950 1090 1975 et
1106 1941 1238 1987 pellem
1261 1942 1459 1985 habebant;
1477 1952 1561 1977 aute

920 1994 1091 2027 lucanum
1125 2002 1268 2040 tempus
1302 1996 1532 2042 invigilabant
1550 2021 1563 2038 ,

921 2046 1079 2093 ideoque
1092 2049 1243 2085 insomnis
1260 2048 1408 2082 dicitur.
1429 2050 1468 2083 C.

970 2099 1026 2132 55.
1051 2101 1182 2143 Sdiquis
1201 2111 1235 2132 et
1252 2103 1376 2144 gramh'
1387 2111 1485 2144 pasta
1499 2114 1562 2144 po-

923 2152 1038 2196 lemi]
1051 2152 1127 2185 Alia
1140 2162 1222 2186 nota
1234 2148 1406 2193 ὑλιςνικῆς
1420 2155 1562 2199 ἀγωγῆς,

922 2205 1036 2238 victus
1054 2205 1171 2238 tenuis
1182 2218 1192 2237 z
1211 2213 1295 2250 puta
1308 2230 1319 2245 ‚
1335 2207 1484 2247 polenta‚
1498 2217 1562 2250 pa·

922 2257 979 2289 nis
991 2255 1170 2290 secundus
1181 2282 1192 2299 ‚
1212 2265 1246 2290 et
1262 2257 1399 2301 siliquae
1412 2256 1562 2301 legumi-

922 2320 1007 2341 num
1020 2333 1031 2348 ,
1044 2321 1124 2354 quae
1136 2318 1219 2341 sunt
1232 2309 1370 2353 pecoris
1382 2306 1563 2341 immundi

921 2362 1043 2406 potius
1059 2364 1166 2406 quam
1178 2361 1380 2395 hominum.
1396 2360 1563 2395 Horatius

276 2478 319 2507 V.
334 2478 388 2514 54.
398 2478 595 2508 Ecdetonsa.
610 2477 694 2509 Cod.
714 2484 828 2508 noster
843 2484 875 2507 et
891 2477 967 2507 edit.
982 2477 1118 2513 Aldina,
1132 2476 1308 2506 indemnsa.
1323 2478 1375 2506 Ita
1389 2483 1421 2506 et
1431 2477 1560 2508 Britan·

182 2558 192 2567 ,
230 2527 299 2558 uici
317 2528 414 2559 codd.
439 2535 472 2559 et
496 2529 753 2570 interpretantur
766 2538 776 2558 =
802 2528 966 2558 indetonsa
977 2551 987 2563 ,
1001 2528 1026 2558 i.
1051 2538 1123 2557 uon
1146 2535 1240 2558 tonsa
1253 2550 1263 2565 ,
1282 2538 1373 2558 more
1396 2535 1560 2566 veterum,

232 2580 306 2615 scil.
327 2582 495 2623 negligens
517 2583 602 2612 cirea
619 2582 747 2612 cultum
771 2582 927 2622 corporis.
951 2581 1027 2611 Non
1048 2581 1131 2610 male
1152 2588 1262 2619 certe,
1280 2587 1315 2613 et
1331 2581 1415 2613 forte
1430 2582 1558 2614 melius.

280 2650 323 2679 V.
344 2650 400 2681 55.
418 2652 525 2682 Pasta.
542 2651 623 2684 Cod.
639 2650 791 2682 Fauchet.
808 2651 1051 2691 8070‚parta.·
1067 2650 1159 2681 mle.
