1898 3216
346 471 831 533 ELENCHUS
879 470 1311 532 CODICUM
1347 473 1539 532 MSS.

394 628 452 679 A.
477 627 726 680 PERSII
751 627 1012 680 FLACCI
1032 628 1478 693 SATIRARUM,

646 755 750 799 QUI
780 756 938 792 NUNC
967 756 1228 792 EXSTANT

386 875 465 921 IN
499 875 1004 921 BIBLIOTHECA
1043 876 1491 932 PARISIENSI,

508 1011 681 1044 quuz
704 1012 728 1035 A
752 1011 887 1036 nolus
912 1011 1128 1036 ιτυιῑιυινι·
1156 1012 1367 1037 comam.

816 1137 1068 1149 mmm

594 1253 628 1294 1.
658 1252 804 1295 Codex
822 1254 1089 1296 Mazarmeus
1115 1229 1188 1311 (3⁴1
1202 1255 1290 1312 10).

211 1365 214 1367 v
272 1346 419 1412 Vm:
445 1373 661 1413 Elenehum
689 1375 806 1413 codd.
837 1389 928 1414 mss.
957 1375 1176 1421 Iuvenalis,
1197 1377 1242 1413 T.
1269 1377 1330 1423 11,
1353 1390 1393 1429 p.
1422 1377 1495 1424 33,
1516 1378 1609 1417 edit.

269 1446 421 1478 nomae.
559 1440 573 1453 ⁵

633 1504 693 1546 ΙΙ.
731 1505 986 1548 colbertinus
1009 1507 1037 1548 I
1057 1506 1192 1564 (8055
1204 1505 1236 1565 ).

321 1626 455 1665 Codex
480 1627 817 1675 membranaceus,
837 1628 878 1667 in
905 1629 973 1666 fol.
998 1638 1177 1668 constans
1204 1630 1280 1667 218
1309 1630 1425 1667 foliis.
1445 1629 1611 1668 Exhibet

268 1691 418 1743 Papinii
435 1692 545 1730 statii
560 1692 779 1731 Thebaidos
805 1693 926 1731 libros
950 1695 1028 1732 XII
1040 1723 1051 1740 ‚
1070 1694 1223 1731 decimo
1248 1694 1391 1731 saeculo
1412 1702 1583 1732 exaratos
1596 1722 1608 1740 ‚

268 1760 316 1794 A.
333 1756 451 1794 Persii
468 1756 594 1794 Flacci
612 1758 743 1796 satiras
762 1757 959 1795 undecimi
978 1758 1109 1795 saeculi
1125 1787 1136 1805 ‚
1154 1766 1194 1795 et
1212 1759 1366 1795 Senccae
1384 1758 1587 1809 tragoedias
1598 1786 1611 1804 ‚

266 1821 363 1858 xlv
380 1821 546 1867 saeculo,
567 1821 733 1873 eleganti
758 1822 876 1859 simul
904 1831 942 1860 et
973 1836 995 1859 a
1025 1822 1141 1860 docta
1167 1836 1286 1860 manu
1312 1823 1492 1874 scripum,
1518 1836 1612 1862 cum

267 1884 391 1936 figura
419 1893 459 1923 et
485 1886 709 1936 majusculis
743 1899 838 1924 auro
869 1894 908 1924 et
942 1887 1140 1925 coloribus
1174 1886 1364 1926 distinctis
1391 1888 1432 1925 in
1450 1888 1608 1926 Seneca.

269 1949 430 1987 Maximi
449 1949 615 1988 fecimus
633 1951 740 1988 hunc
760 1951 949 1990 codicem.

581 2067 660 2108 III.
692 2066 838 2108 Codex
861 2067 1086 2109 Fauchetii
1110 2067 1289 2126 (8070).
1345 2127 1350 2129 Π

316 2188 418 2227 vide
434 2188 593 2228 Elench.
612 2189 728 2227 codd.
748 2203 838 2228 mss.
856 2193 994 2228 Juven.
1010 2193 1056 2229 Τ.
1074 2193 1132 2237 11,
1151 2205 1191 2242 p.
1215 2191 1262 2236 34
1275 2220 1287 2238 ,
1303 2198 1445 2229 nostrae
1462 2188 1554 2227 edit.

574 2295 654 2338 IV.
684 2296 831 2339 Codex
858 2297 1072 2339 Puteanus
1101 2296 1282 2355 (8048).

318 2419 635 2457 Membranaceus
646 2448 657 2466 ‚
675 2421 717 2458 in
744 2420 812 2458 fol.
837 2429 1016 2459 constans
1041 2422 1116 2458 123
1133 2421 1253 2460 foliis.
1268 2419 1394 2459 nabet
1410 2417 1528 2456 Persii
1546 2431 1606 2456 sa-

265 2482 359 2520 tiras
373 2486 433 2521 XI
448 2496 533 2521 saec.
552 2485 696 2535 quibus
716 2486 927 2537 praefigitur
941 2486 1019 2523 vita
1038 2487 1071 2536 ej
1078 2485 1218 2523 usdem
1234 2499 1246 2530 ,⁷
1264 2483 1323 2522 sed
1338 2496 1418 2521 nou
1432 2483 1580 2534 integra
1590 2497 1606 2530 ;

265 2547 394 2584 ovidii
418 2548 564 2586 librum
587 2549 637 2586 de
662 2549 853 2587 Remedio
882 2549 1037 2587 Amoris
1056 2577 1067 2594 ‚
1093 2549 1231 2585 Avieni
1260 2547 1432 2594 fabulas,
1458 2546 1608 2586 librum

249 2610 397 2648 Sereni
424 2611 472 2649 de
498 2613 692 2651 Remediis
710 2642 721 2658 ‚
750 2614 878 2651 Sancti
908 2612 1090 2649 Bemardi
1113 2612 1232 2649 vitam
1253 2640 1265 2658 ‚
1294 2614 1348 2649 M.
1376 2611 1496 2650 'ruffii
1523 2612 1605 2649 Cic.

267 2671 338 2709 lib.
365 2674 413 2711 de
441 2677 619 2714 Oratorio
647 2677 812 2722 officio,
842 2684 881 2713 et
911 2676 985 2712 alia
1012 2676 1223 2726 opuscula,
1245 2689 1325 2714 non
1354 2675 1493 2714 eodem
1522 2688 1605 2712 aevo

270 2745 430 2775 exarata.
449 2739 566 2786 Quod
582 2740 632 2779 ad
649 2749 827 2780 nostrum
844 2743 1005 2792 poc'tam
1021 2748 1168 2792 spectat
1181 2768 1193 2787 ‚
1211 2740 1525 2780 mendosissimus
1547 2746 1606 2777 est
