1846 3184
308 298 389 349 134

643 297 697 339 A.
741 295 987 338 PERSII
1037 296 1291 339 FLACCI

362 378 544 422 Publius
566 379 772 432 emeruit,
792 379 1031 422 scabiosum
1057 379 1260 421 tesserula
1279 378 1344 419 far

362 455 572 498 Possidet.
593 455 690 498 Heu
707 456 869 498 steriles
886 456 1003 508 veri,
1022 455 1180 513 quibus
1196 470 1283 495 una
1302 453 1518 508 Quiritem
1608 457 1651 506 75

360 532 536 592 Vertigo
554 532 656 574 facit
673 533 682 573 !
705 532 790 573 Hic
812 532 947 573 Dama
963 541 1027 572 est
1042 545 1132 572 non
1151 530 1292 572 tressis
1310 545 1435 589 agaso
1448 562 1460 584 ‚

359 607 512 668 Vappa
527 640 539 662 ,
558 620 601 651 et
614 608 760 666 lippus
773 639 784 660 ,
803 618 845 650 et
862 607 908 648 in
928 607 1050 649 tenui
1066 605 1283 664 farragine
1301 605 1512 660 mendax3

304 733 413 772 Dees't
432 744 551 771 autem
570 734 851 820 relativuxaeaed
870 743 951 769 ante

304 790 384 832 illa,
402 799 437 822 uc
451 790 586 832 quisque
604 789 729 820 Velina.
804 798 927 833 squam
940 811 951 829 ,

303 847 357 881 ait
378 842 525 878 Casaub.
539 842 584 875 jn
607 853 716 875 manu
744 842 893 875 exaratis
913 853 953 875 ea

304 896 431 931 vocula
454 895 635 942 reperitur
651 893 782 938 (falsoz
799 906 880 927 nam
898 906 953 927 re-

304 950 447 997 peritur
466 962 534 993 qua
551 949 590 983 in
609 946 734 982 codice
754 955 879 981 nostro
891 973 901 990 ‚
917 947 955 981 in

302 1004 503 1038 Pithoeano
524 1028 535 1045 ‚
568 1009 604 1036 et
638 1015 738 1046 quam
767 1002 805 1034 in
839 1000 956 1034 tribus

304 1057 404 1101 aliis)
424 1058 529 1104 cujus
548 1055 682 1102 ellipsis
703 1062 755 1089 est
774 1053 955 1088 familiaris

304 1110 463 1144 Hebraeae
476 1106 608 1155 linguae
618 1133 629 1150 ‚
641 1108 774 1147 Graecae
788 1115 906 1141 autem
921 1114 958 1140 et

304 1163 442 1197 Latinae
455 1162 644 1197 minus.—-
654 1165 702 1194 Ut.
716 1161 786 1194 Pro
804 1163 866 1193 ubi.
883 1161 936 1193 Ita
947 1185 957 1201 ‚

307 1216 401 1250 ordo
425 1224 478 1250 est
503 1229 511 1250 ε
538 1228 602 1249 non
628 1214 691 1247 Ιιᾶε
721 1214 837 1263 Velius}
850 1239 860 1253 ‚
889 1215 958 1260 qua

307 1268 568 1315 (subauditur)
582 1270 718 1312 quisque
733 1269 863 1300 Publius
875 1292 885 1306 ,
907 1268 963 1299 ubi

308 1325 454 1363 emeruit,
467 1321 506 1356 id
517 1330 585 1363 est,
593 1321 655 1355 ubi
667 1320 758 1354 liber
769 1321 883 1354 factus
893 1327 960 1360 est,

307 1375 469 1423 possidet
476 1375 530 1408 far
539 1374 738 1408 scabiosum
744 1375 963 1406 .—Libercate

313 1428 439 1462 Velina.
461 1426 507 1461 Id
530 1435 603 1468 est,
617 1426 780 1460 libertate
804 1425 847 1459 ab
869 1425 958 1459 hero

309 1481 368 1517 vel
388 1493 407 1515 a
422 1481 579 1515 Praetore
595 1478 695 1521 data,
709 1491 776 1525 per
795 1490 902 1524 quam
921 1477 960 1511 in

309 1535 449 1569 tribum
464 1532 632 1566 Velinam
644 1532 824 1578 ingressus
838 1539 904 1565 est.
917 1532 960 1564 A.

360 1591 420 1634 74.
434 1587 567 1619 Publius
578 1586 734 1629 emeruit]
748 1584 860 1626 Quasi
874 1591 963 1618 tem-

311 1653 402 1689 pore
412 1638 596 1682 servitutis
609 1647 752 1681 exacto,
761 1638 987 1730 libertati*

310 1694 443 1729 merito
450 1705 517 1727 suo
525 1699 753 1735 consecutus,
760 1691 902 1738 patroni

311 1758 522 1795 praenomen
541 1745 734 1791 assumpsit
749 1743 867 1791 (quod
879 1756 969 1791 prae-

313 1812 446 1835 nomen
458 1799 582 1832 nullus
595 1810 720 1832 servus
731 1797 918 1843 hahebat);
933 1805 970 1832 et

314 1853 434 1887 dictus
450 1851 624 1891 est‚verbi
635 1850 759 1897 gratia,
775 1851 904 1883 Publius
914 1851 967 1883 Li·

313 1906 634 1939 cinius.—-Emeruit.
645 1904 805 1949 Metaph.
815 1916 833 1937 a
845 1903 966 1937 militi-

314 1958 404 1999 bus,
417 1956 482 2004 qui
493 1965 574 2003 post
586 1960 727 1990 certum
742 1965 900 2002 tempus,
910 1956 967 1991 vel

314 2011 467 2046 honesta
480 2010 601 2056 aliqua
615 2008 660 2043 de
675 2021 776 2043 causa
789 2012 966 2042 missionem

314 2062 502 2099 consecuti
514 2069 598 2095 sunt
608 2086 619 2103 ‚
632 2070 668 2094 et
681 2061 860 2095 immunes
873 2061 968 2095 fiunt

316 2116 490 2162 deinceps
523 2127 542 2148 a
574 2113 754 2148 bellando.
772 2134 819 2139 --
837 2116 968 2147 Scabio-

316 2182 444 2203 sum....
454 2168 530 2212 far.
555 2166 792 2206 Immundum
805 2191 815 2208 ‚
834 2176 943 2213 putre
956 2192 967 2209 ‚

316 2221 594 2269 gurgulionibus
606 2233 752 2255 exesum
766 2228 801 2254 et
818 2232 969 2267 corrup-

317 2286 409 2311 tum.
421 2295 469 2302 -
485 2274 659 2308 Tesseruld.
674 2274 727 2308 De
746 2282 875 2308 tessera
893 2274 968 2307 sive

317 2329 490 2364 tesserula
499 2353 510 2371 ‚
523 2326 609 2363 vide
619 2339 698 2374 quae
707 2327 912 2362 notavimus
923 2319 969 2361 ad

319 2384 451 2418 Juven.
465 2391 526 2417 sat.
538 2381 627 2422 VII,
639 2395 676 2416 v.
697 2385 756 2426 74.
776 2380 818 2414 Ρ.

368 2436 428 2482 75.
452 2438 574 2479 Quibus
589 2436 657 2468 unu
674 2437 828 2481 Quiritem
838 2437 971 2479 vertigo

312 2490 423 2536 facia]
443 2490 527 2524 Vet.
550 2488 664 2523 schol.
691 2505 705 2518 α
718 2488 819 2530 Quos
842 2500 970 2522 manu-

325 2558 339 2570 «
357 2541 569 2584 mittebant,
588 2553 647 2575 eos
669 2541 769 2587 alapa
786 2552 973 2587 percussos

1008 751 1022 765 ι
1039 734 1327 782 circumagebant
1339 734 1391 779 (in
1398 732 1443 768 de
1453 759 1464 776 ‚
1476 734 1546 768 hoc
1558 733 1653 776 loco,

1008 805 1024 818 ι
1038 793 1188 834 vertigo,
1201 785 1399 836 περιδίνησις
1414 796 1450 822 et
1460 789 1635 835 περιςροφὴ
1644 813 1655 830 ,

1010 857 1024 871 ι
1039 843 1124 875 cum
1133 839 1439 877 manumittendus
1445 838 1568 873 ‘dextra
1576 851 1656 886 pre-

1011 911 1025 924 «
1040 895 1174 931 hensns
1190 910 1210 931 a
1229 893 1380 930 domino
1396 893 1435 927 in
1453 893 1579 927 orbem
1597 905 1657 927 ro-

1012 965 1026 978 u
1042 949 1185 983 tabatur
1197 951 1210 994 )
1224 974 1235 990 ‚
1251 956 1289 982 et
1310 946 1443 981 liberos
1466 946 1656 981 confirma-

1014 1018 1028 1031 ι
1042 1002 1139 1036 bant.
1159 1001 1341 1046 Quiritem
1363 1007 1483 1033 autem
1503 1000 1656 1046 singula-

1012 1071 1026 1084 ·
1040 1055 1130 1089 riter
1142 1055 1288 1089 abusive
1304 1052 1398 1086 dixit
1411 1051 1558 1086 licentia
1570 1056 1656 1098 poe·

1013 1124 1027 1138 ιι
1044 1108 1123 1142 tica.
1144 1109 1235 1142 Nam
1255 1107 1348 1141 sicut
1367 1104 1472 1139 Pater
1491 1104 1660 1139 Conscri-

1013 1179 1028 1192 ι
1043 1171 1130 1208 ptus
1149 1174 1224 1195 non
1247 1160 1404 1202 dicitur,
1421 1159 1471 1193 ita
1495 1171 1563 1193 nec
1583 1160 1663 1201 Qui-

1017 1231 1032 1245 ι
1047 1217 1139 1248 ricem
1153 1217 1260 1248 dicere
1272 1225 1451 1258 possumus.
1467 1228 1481 1242 ι
1507 1214 1663 1255 Quiritem

1014 1269 1075 1302 hic
1095 1281 1164 1315 pro
1190 1269 1347 1302 liberum
1372 1265 1520 1313 posuit:
1543 1277 1664 1312 neque

1013 1320 1246 1368 reprehendit
1263 1332 1324 1355 eos
1346 1320 1411 1367 qui
1429 1319 1666 1353 manumissos

1014 1387 1084 1421 pro
1102 1375 1258 1416 civibus,
1276 1382 1330 1415 et,
1343 1374 1424 1420 jure
1442 1372 1666 1416 Quiritium,

1013 1427 1135 1461 liberis
1142 1428 1331 1470 haberent;
1339 1425 1402 1460 sed
1413 1426 1476 1473 qui
1486 1426 1578 1460 hanc
1588 1425 1668 1459 uni-

1014 1493 1091 1514 cam
1112 1481 1276 1526 corporis
1302 1480 1439 1514 scilicet
1462 1479 1666 1513 libertatem

1017 1535 1129 1574 ἁπλῶς
1140 1533 1327 1574 ducentes,
1338 1533 1448 1567 animi
1462 1533 1666 1567 libertatem

1015 1598 1085 1633 pro
1102 1585 1217 1619 nihilo
1233 1584 1449 1631 penderent.
1472 1584 1513 1618 C.

1065 1640 1123 1684 76.
1150 1639 1210 1670 Hic
1231 1641 1341 1671 Dama
1366 1647 1432 1676 est,
1453 1637 1525 1683 eta]
1548 1636 1666 1679 Quam

1018 1690 1173 1726 absurda
1191 1691 1236 1724 sit
1251 1691 1385 1724 horum
1403 1702 1513 1736 supra
1529 1702 1667 1724 memo-

1019 1753 1182 1779 ratorum
1193 1743 1333 1790 opinio,
1341 1743 1441 1777 brevi
1450 1743 1670 1790 hypotyposi

1023 1797 1071 1831 ob
1085 1796 1210 1830 oculos
1222 1796 1328 1842 ponit
1338 1808 1348 1828 ι
1362 1795 1495 1829 Viden'
1514 1804 1556 1830 tu
1567 1820 1578 1837 ‚
1596 1795 1645 1829 ait
1657 1821 1669 1837 ‚

1020 1852 1119 1885 hunc
1146 1850 1332 1885 servulum
1363 1843 1512 1883 Damam
1535 1849 1551 1882 ?
1577 1848 1686 1896 quid«

1020 1904 1129 1939 hodie
1142 1904 1208 1939 tihi
1220 1913 1272 1938 est
1284 1903 1299 1937 ?
1310 1903 1429 1938 Homo
1440 1903 1578 1938 nullius
1589 1915 1673 1950 pre-

1020 1959 1083 1999 tii,
1097 1958 1220 2004 lippus
1230 1982 1240 1998 ‚
1255 1969 1370 2003 vappa
1380 1981 1391 1999 ,
1409 1955 1562 1990 mendax
1573 1980 1584 1996 ‚
1599 1963 1668 1990 etc.

1021 2011 1128 2044 Hunc
1151 2010 1303 2045 verterit
1329 2009 1519 2051 dominus,
1537 2008 1577 2043 id
1595 2017 1670 2051 est,

1021 2063 1289 2106 manumiserit;
1303 2071 1454 2110 repente
1469 2061 1512 2096 fit
1525 2063 1671 2096 Marcus

1022 2117 1133 2149 Dama
1145 2141 1156 2157 ‚
1173 2125 1210 2150 et
1227 2115 1321 2149 liber
1338 2116 1382 2149 ab
1400 2114 1534 2149 insanis
1551 2115 1671 2148 omni-

1021 2169 1091 2202 hus
1118 2167 1292 2202 creditur.
1306 2164 1358 2194 ⁸—
1373 2171 1483 2201 Dama
1496 2193 1508 2207 ,
1537 2179 1672 2204 nomen
1714 2190 1721 2195 -

1019 2222 1127 2263 servi,
1139 2224 1268 2268 Δημᾶς,
1285 2229 1327 2255 ut
1338 2222 1447 2255 Mena
1456 2221 1588 2263 Μῆνας,
1603 2229 1671 2254 etc·

1020 2276 1142 2308 -Ναη
1155 2275 1258 2306 tressis
1270 2286 1383 2317 agaso.
1397 2273 1452 2307 Ne
1465 2273 1575 2306 trium
1589 2272 1670 2318 qui-

1022 2325 1104 2361 dem
1117 2326 1247 2360 assium
1260 2324 1669 2368 aestimandus—Agma

1022 2380 1216 2426 Equorum
1234 2379 1293 2413 vel
1311 2379 1495 2413 asinorum
1519 2377 1650 2412 ductor
1661 2403 1672 2420 ‚

1024 2434 1068 2467 ab
1085 2435 1177 2481 ἄγω,
1194 2433 1306 2480 ἀγάζω
1317 2458 1328 2476 ,
1348 2433 1476 2479 ἀγάζων
1487 2457 1496 2471 ,
1516 2432 1672 2474 Latinis,

1025 2488 1164 2519 minare.
1183 2486 1224 2520 C.

1074 2553 1129 2588 77.
1144 2541 1288 2584 Vappa.]
1297 2538 1447 2586 Proprie
1457 2538 1586 2574 vinum
1597 2550 1675 2572 cor-

370 2656 412 2684 V.
439 2665 494 2694 77.
523 2655 640 2696 Vappa
662 2661 695 2685 et
719 2653 835 2695 lippus.
865 2653 970 2686 Codd.
993 2651 1128 2685 Thuan.
1155 2652 1346 2692 Faneheffi,
1369 2659 1403 2685 et
1421 2651 1477 2684 alii
1500 2650 1674 2695 permulti,

324 2717 438 2749 vappa
449 2731 459 2745 ,
478 2709 589 2750 lippus.
603 2708 766 2742 Nonnulli
776 2731 785 2748 ‚
801 2715 832 2740 et
846 2715 974 2748 noster,
991 2718 1172 2750 vappaque
1191 2706 1305 2749 lippus.
