1846 3184
475 379 853 438 SATIRAE
898 377 1285 434 TERTIAE

590 506 1151 553 ARGUMENTUM.

293 607 314 624 Ο

297 650 466 673 TERTIA
490 650 706 672 nnsxnlAu
729 649 937 670 JUVEBUU
962 649 1214 677 rAs‘rt'squz
1238 647 1455 670 ttetsstr.

263 734 311 771 In
328 744 373 770 a
390 732 502 769 satira
518 731 641 768 stoico
659 729 893 782 philosopho
916 729 1160 780 dignissima,
1177 730 1327 768 Persius
1341 730 1542 781 segnitiem

211 801 448 842 etdeddiam
459 802 650 853 juvenum
664 800 725 837 sui
740 799 923 850 temporis
940 800 1064 850 carpit
1074 827 1086 844 ‚
1103 799 1172 850 qui
1190 799 1316 837 studia
1330 799 1544 838 litterarum

210 871 447 924 negligenter
463 870 675 908 tractabant
685 898 697 915 ,
713 878 752 906 et
775 868 1061 919 philosophiam
1077 869 1317 920 contemptui
1335 868 1542 907 habebant.

211 943 284 988 Et,
310 941 437 992 primo
452 969 463 987 ‚
492 940 728 991 discipulum
754 939 991 990 alloquitur,
1015 939 1128 989 eique
1155 939 1359 990 exprobrat
1372 969 1384 986 ‚
1410 939 1541 990 quod,

210 1011 290 1049 alto
316 1012 397 1062 jam
426 1010 529 1056 sole,
553 1010 618 1047 vix
645 1009 695 1047 de
727 1009 836 1046 libris
866 1009 1008 1059 cogitet
1019 1036 1030 1053 ,
1051 1017 1206 1045 stertens
1234 1010 1363 1046 adhuc
1390 1009 1436 1060 (1
1449 1009 1539 1059 —).

141 1100 145 1102 v
209 1080 361 1118 Deinde
381 1093 495 1117 vanas
519 1081 603 1131 ejus
627 1080 890 1117 excusationes
916 1079 1072 1124 irridet3
1093 1087 1211 1129 atque
1229 1080 1310 1130 jam
1332 1091 1356 1115 a
1378 1079 1543 1130 pueritia

211 1163 428 1202 egressum,
447 1158 629 1200 tanquam
649 1150 681 1186 si
706 1149 747 1187 in
774 1149 884 1187 cunis
909 1156 1026 1194 esset,
1044 1147 1094 1185 ad
1115 1162 1325 1185 mammam
1348 1157 1542 1198 totamque

210 1220 371 1258 remittit
381 1219 561 1270 (7—23):
578 1227 635 1265 et,
650 1219 742 1270 qnia
754 1219 929 1270 plerique
942 1220 1224 1263 Romanorum,
1237 1231 1318 1269 quo
1332 1218 1542 1256 nobiliores

211 1298 356 1334 essent,
373 1302 421 1326 eo
436 1289 624 1326 minorem
638 1288 775 1326 studiis
787 1301 943 1339 operam
958 1287 1100 1324 dabant
1109 1316 1121 1334 ,
1136 1287 1305 1325 ostendit
1319 1300 1385 1325 eos
1402 1288 1541 1325 frustra

210 1359 400 1409 majorum
413 1357 534 1409 gloria
549 1365 617 1395 aut
629 1357 770 1394 divitiis
786 1357 898 1394 inniti
909 1384 921 1402 ,
937 1357 969 1393 si
986 1356 1036 1394 ad
1052 1369 1198 1394 morem
1217 1358 1394 1394 dis-cincti
1406 1359 1540 1394 Nauae

211 1428 392 1465 viverent.
405 1429 558 1465 Nattam
578 1427 705 1464 multo
723 1427 844 1478 magis
862 1427 1124 1464 excusandum
1138 1455 1150 1472 ,
1170 1427 1202 1463 si
1218 1427 1259 1464 in
1277 1426 1456 1464 sordibus
1472 1441 1542 1465 vo-

211 1497 364 1543 lutaret,
370 1497 516 1548 quippe
524 1498 593 1548 qui
604 1497 752 1535 liberali
761 1498 1000 1534 institutione
1009 1497 1216 1535 destitutus
1227 1506 1325 1534 esset
1334 1498 1373 1548 (2
1378 1499 1537 1548 4-34);

209 1566 300 1604 illos
317 1579 409 1604 vero
429 1567 479 1604 ad
496 1567 653 1618 grandia
672 1575 781 1604 natos
795 1594 807 1612 ,
826 1575 865 1604 et
883 1566 1138 1618 philosophiae
1155 1567 1355 1618 praeceptis
1366 1568 1447 1618 jam
1463 1568 1538 1604 im-

209 1635 346 1681 butos,
366 1635 462 1673 olim
482 1636 723 1673 conscientiae
745 1649 876 1687 poenas
899 1636 1078 1681 daturos,
1098 1634 1205 1681 cinn,
1228 1635 1446 1686 posthabito
1460 1637 1538 1674 vir-

209 1705 303 1742 tutis
314 1704 425 1742 cultu
435 1733 447 1750 ,
464 1705 570 1742 ferox
585 1705 783 1756 ingenium
798 1705 880 1743 dira
896 1705 1019 1742 libido
1034 1706 1196 1742 moverit
1206 1733 1218 1751 ,
1231 1719 1375 1756 eosque
1390 1706 1431 1743 in
1446 1719 1538 1757 pro-

210 1774 376 1812 fundum
394 1775 619 1812 immerserit
638 1775 869 1825 (35—43).
889 1775 970 1812 Sibi
994 1788 1117 1826 puero
1139 1777 1306 1813 evenisse
1326 1789 1406 1813 non
1426 1776 1534 1813 diffi-

208 1851 333 1888 tetur,
349 1852 394 1881 ut
411 1844 507 1881 ludo
524 1853 640 1894 atque
658 1844 771 1895 nugis
789 1843 878 1895 plus
898 1857 1011 1895 aequo
1029 1844 1199 1890 dederit,
1217 1845 1284 1882 sed
1305 1845 1420 1896 culpa
1437 1859 1536 1897 prae-

211 1913 375 1962 ceptoris
401 1926 446 1949 ac
473 1922 676 1963 parentum
706 1926 887 1959 suorum;
906 1914 953 1950 iis
973 1922 1123 1958 contra,
1140 1915 1221 1965 jam
1242 1914 1533 1965 grandioribus,

206 1983 366 2033 jamque
380 1983 543 2020 Zenonis
561 1991 677 2033 atque
688 1983 909 2034 Pythagorae
924 1983 1064 2021 scholae
1078 1984 1241 2021 addictis
1251 2013 1263 2030 ,
1279 1985 1480 2035 indignum
1496 1994 1534 2022 et

210 2059 342 2088 contra
355 2051 528 2089 ordinem
541 2052 622 2089 fone
632 2079 643 2097 ,
657 2052 690 2089 si
704 2053 907 2090 oscitareiit
923 2052 1143 2090 hesternum
1152 2082 1164 2098 ,
1184 2062 1223 2091 et
1237 2062 1319 2091 toto
1333 2062 1533 2091 sterterent

208 2120 299 2166 die,
314 2120 479 2158 ferarum
504 2129 572 2158 aut
591 2123 855 2172 jumentorum
880 2135 988 2159 more
1015 2122 1249 2174 (44—61).
1274 2109 1530 2167 Remedium,

208 2189 316 2226 addit
329 2218 341 2235 ,
367 2190 506 2227 frustra
531 2190 626 2227 olim
651 2204 799 2241 quaeres
814 2205 824 2227 :
854 2193 1025 2228 vementi
1050 2195 1230 2229 occurrite
1259 2195 1401 2230 morbo.
1432 2193 1527 2229 Inde

208 2259 327 2296 totius
347 2259 532 2297 doctrinae
552 2260 769 2298 Stoicorum
786 2274 976 2299 summam
996 2262 1136 2299 divinis
1161 2262 1342 2299 undecim
1360 2262 1532 2300 versibus

210 2330 500 2380 complectitur:

392 2421 522 2455 Discite
532 2447 544 2463 ,
561 2425 583 2455 ὃ
603 2422 743 2463 miseri,
758 2431 793 2456 et
810 2435 928 2456 causas
944 2423 1144 2468 cognoscite
1159 2422 1301 2475 rerum!

392 2478 491 2519 Quid
504 2491 626 2512 sumus
638 2503 650 2519 ,
665 2487 699 2512 et
713 2479 885 2525 quidnam
897 2479 1028 2513 victuri
1040 2479 1240 2524 gignimur;
1255 2479 1345 2512 ordo

392 2535 482 2576 Quis
494 2535 598 2570 datus
610 2560 621 2577 ‚
635 2544 697 2569 aut
709 2544 811 2569 metae
826 2539 933 2581 quam
945 2536 1061 2568 mollis
1074 2535 1184 2569 flexus
1195 2560 1206 2575 ,
1220 2543 1256 2569 et
1268 2535 1365 2570 unde
1376 2535 1393 2569 ‚³

393 2592 480 2633 Quis
495 2593 622 2628 modus
634 2603 777 2639 argento
788 2606 800 2638 3
817 2592 907 2640 quid
920 2592 970 2627 sas
983 2601 1128 2639 optare;
1144 2592 1234 2639 quid
1246 2605 1347 2641 asper
