1898 3216
447 305 837 352 EDITIONUM
873 302 1240 347 ELENCHUS.
1413 305 1510 346 xxix

171 397 222 435 A.
247 394 367 445 Persii
388 392 514 430 Flacci
535 390 691 436 Satirae,
715 402 786 440 per
809 387 1003 425 Theodor.
1028 386 1079 424 de
1102 388 1276 444 Bagazo-

222 458 360 504 nibus,
378 455 572 502 Venetiis‚
1318 455 1431 499 1492.
1462 448 1511 486 1⁰.

170 536 218 572 A.
232 532 349 571 Persii
358 531 485 570 Flacci
496 530 629 569 Satirae
640 559 652 576 ‚
665 542 735 581 per
746 531 806 567 Jo.
821 527 870 566 de
883 527 1044 565 Tridino
1054 554 1065 573 ,
1075 525 1247 564 Venetiis
1258 553 1269 571 ,
1317 531 1431 575 1494.
1458 523 1512 562 1⁶⁰.

170 611 219 648 A.
249 607 370 646 Persii
397 605 526 644 Flacci
555 605 686 643 Satirae
698 634 709 652 ,
723 617 817 642 cum
841 610 1051 642 comment.
1078 602 1208 640 Fontii
1231 610 1272 640 et

222 670 451 716 Britannici,
468 669 661 715 Venetiis,
1324 665 1436 716 1495.
1464 663 1516 703 f⁰.

169 743 217 781 A.
235 741 352 780 Persii
370 740 496 778 Flacci
511 739 643 778 satirae
656 768 668 786 ‚
684 738 875 784 Venetiis‚
1317 743 1431 787 1497.
1460 737 1514 774 f0.

171 813 219 850 A.
235 810 353 848 Persii
363 808 491 847 Flacci
503 810 633 847 Satirae
642 838 653 855 ,
670 821 762 846 011111
773 815 981 846 comment.
993 807 1174 853 Cornuti,
1190 806 1276 845 Bri-

225 874 368 912 tannici
386 881 426 911 et
440 873 569 910 Fontii
580 902 591 920 ‚
613 886 683 924 per
699 875 760 910 Jo.
781 872 830 910 de
847 871 1007 910 Tridino
1019 901 1031 919 ,
1051 872 1243 918 Veneffis,
1319 877 1432 921 1499.
1460 871 1480 908 f
1483 870 1517 907 ⁰.

171 953 219 989 A.
236 950 356 988 Persii
371 949 499 988 Flacci
516 949 649 988 Satirae
661 977 672 995 ,
690 948 860 994 Parisiis,
1308 947 1423 986 1500.
1454 945 1513 985 8⁰.

172 1038 222 1073 A.
235 1034 354 1072 Persii
365 1034 492 1072 Flacci
506 1033 637 1071 Satirae
652 1046 744 1070 cum
755 1039 964 1070 comment.
978 1034 1038 1070 Jo.
1053 1032 1280 1079 Britannici,

226 1097 411 1149 Lugduni
425 1126 437 1144 ‚
1318 1095 1430 1136 1500.
1459 1095 1516 1142 4⁰.

174 1176 224 1211 A.
243 1173 363 1211 Persii
388 1172 515 1210 Flacci
532 1174 610 1211 Sat.
630 1184 723 1209 cum
748 1179 957 1209 comment.
974 1173 1036 1209 Jo.
1052 1170 1283 1219 Britannici,

227 1237 364 1275 Brixiae
377 1264 388 1283 ,
1324 1235 1438 1274 1500.
1466 1233 1520 1273 f⁰.

485 1307 595 1343 XVI
626 1305 889 1343 SAECULI
924 1303 1019 1341 1501
1031 1325 1086 1333 —
1099 1305 1212 1342 1601.

178 1404 225 1439 A.
244 1399 363 1438 Persii
378 1397 505 1437 Flacci
525 1397 657 1435 Satirae
670 1424 683 1442 ‚
700 1395 860 1447 Lipsiae,
1328 1395 1441 1434 1502.
1470 1394 1524 1433 Γ).

177 1473 224 1508 A.
237 1469 355 1508 Persii
364 1467 490 1506 Flacci
501 1469 577 1505 Sat.
590 1480 682 1505 cum
693 1474 890 1504 comment
901 1465 1123 1512 Britannici,
1133 1465 1283 1512 Brixiae,
1326 1480 1343 1504 1
1351 1466 1441 1504 503.
1471 1464 1524 1504 Γ).
1599 1481 1609 1491 ·

178 1537 220 1572 P.
234 1536 284 1572 A.
301 1532 419 1570 Persii
436 1530 633 1569 familiaris
650 1531 871 1582 explanatio
889 1543 982 1567 cum
1000 1533 1061 1569 Jo.
1079 1531 1288 1569 Britannici

230 1597 489 1636 eruditissima
504 1597 833 1648 interpretatione,
845 1609 906 1646 ap.
920 1599 981 1633 Jo.
995 1597 1112 1642 Petit,
1127 1597 1293 1643 Parisiis,
1350 1626 1359 1634 .
1375 1625 1385 1635 .
1402 1625 1411 1634 .
1428 1625 1438 1634 .
1473 1594 1523 1634 f⁰.

831 1661 932 1704 (Haec
946 1662 1050 1694 editio
1064 1669 1174 1694 nostra
1188 1662 1274 1706 est.)

178 1721 293 1760 Publ.
311 1720 403 1759 Aul.
421 1720 573 1758 Persius
584 1748 595 1766 ,
611 1733 703 1757 cum
721 1727 930 1757 comment.
947 1722 1007 1757 Jo.
1024 1719 1233 1757 Britamiici
1251 1728 1292 1757 et

232 1784 418 1824 Ascensii.
435 1787 474 1822 V
467 1785 686 1821 enundatur
697 1785 899 1833 Lugduni,
916 1797 943 1819 a
954 1784 1149 1833 Stephano
1167 1785 1293 1834 Guey-

234 1850 359 1895 nard,
383 1848 574 1898 proefatoe
597 1849 698 1884 urbis
723 1848 930 1896 bibliopola
955 1856 994 1883 et
1017 1850 1118 1894 cive,
1140 1850 1180 1884 in
1198 1850 1287 1886 vico

234 1913 539 1957 Mercun'aliter,
559 1912 790 1960 vulgariter,
819 1924 868 1949 en
894 1911 931 1949 13
954 1925 1026 1949 rue
1054 1911 1292 1960 Merchiere,

226 1990 356 2027 prope
369 1978 550 2014 Sanctum
568 1977 776 2012 Antonium
785 2004 799 2022 ,
820 1977 952 2013 solerti
962 1989 1082 2026 opera
1097 1977 1289 2014 Iohannis

239 2043 289 2078 de
310 2042 443 2090 Vingle
453 2068 468 2086 ,
489 2053 594 2076 anno
610 2041 744 2076 salutis
767 2041 969 2077 millesimo
990 2043 1291 2090 quingentesimo

241 2108 320 2152 Vl,
342 2105 480 2141 ultimd
499 2106 605 2141 Julii.
627 2103 842 2155 Praefigitur
865 2105 1027 2156 epistola
1050 2105 1159 2143 Badii
1173 2135 1184 2152 ,
1205 2106 1296 2144 data

238 2182 288 2207 ex
319 2167 474 2206 officina
503 2166 755 2218 Lugdunensi
790 2173 890 2219 1499
923 2168 973 2205 ad
1001 2169 1079 2206 kal.
1104 2171 1160 2207 VI
1194 2169 1293 2208 febr.

237 2231 444 2284 Lugduni,
1335 2235 1446 2273 1506.
1474 2235 1530 2274 8⁰.

186 2302 235 2337 A.
253 2297 372 2335 Persii
390 2296 517 2335 Flacci
537 2296 689 2343 Satirae‚
708 2310 779 2348 per
796 2297 940 2335 Melch.
959 2300 1115 2345 Lotter‚
1133 2300 1296 2350 Lipsiae,
1334 2301 1447 2349 1507.
1476 2300 1529 2340 f⁰.

189 2371 238 2407 A.
253 2367 371 2405 Persii
386 2366 513 2405 Flacci
528 2367 658 2405 Satirae
669 2396 680 2414 ‚
696 2380 766 2418 per
776 2369 932 2406 Martin.
949 2369 1270 2420 Herbipolensem
1282 2398 1293 2416 ‚

241 2431 399 2482 Lipsiae,
1341 2433 1453 2483 1507.
1480 2434 1533 2473 ἕο.

118 2495 121 2498 ’
192 2496 240 2532 A.
251 2495 369 2532 Persii
383 2494 510 2533 Flacci
523 2495 671 2542 satirae,
683 2509 775 2534 cum
787 2496 964 2534 familiari
977 2496 1245 2547 explanatione
1258 2505 1298 2534 et

151 2552 154 2553 ⁷
245 2558 445 2609 interpret.
474 2562 538 2597 Jo.
566 2559 773 2597 Britannici
790 2589 802 2607 ‚
828 2562 1031 2612 praemissae
1058 2560 1235 2597 Beroaldi
1261 2569 1300 2599 et
1372 2569 1393 2619 Q

246 2620 422 2659 Politiani
440 2623 482 2660 in
498 2623 671 2660 Persium
688 2623 972 2674 praelectiones,
988 2623 1188 2673 Lugduni,
1332 2625 1445 2676 1507.
1475 2625 1531 2673 4⁰.

199 2683 234 2720 A
254 2683 372 2721 Persii
392 2684 518 2723 Flacci
541 2687 672 2725 Satirae
684 2715 695 2734 ,
716 2700 807 2726 cum
834 2686 1012 2725 familiari
1030 2687 1296 2738 explanatione
