1846 3184
701 248 957 292 SATIRA
1001 247 1069 298 ΙΙ,

1483 247 1537 306 6¹

270 333 435 391 Nempe
451 333 554 384 hoc,
567 329 685 387 quod
697 328 855 371 Veneri
869 328 1035 370 donatae
1049 342 1074 368 a
1087 326 1252 385 virgine
1266 342 1404 385 pupae.
1495 346 1539 379 70

270 409 389 462 Quin
404 407 552 449 damus
567 404 614 446 id
627 404 819 462 Superis,
834 403 888 445 de
905 417 1055 461 magna
1075 400 1194 459 quod
1208 401 1309 443 dare
1324 402 1445 444 lance

266 484 310 526 N
311 499 369 525 on
391 481 521 540 possit
543 479 685 537 magni
709 478 896 521 Messalae
918 477 1035 536 lippa
1059 475 1283 536 propago?
1334 478 1338 480 ’

266 557 557 614 Compositum
569 556 638 611 jus
651 553 796 611 fasque
812 553 967 605 animi,
983 563 1231 610 sanctosque
1249 568 1435 595 recessus

268 631 425 675 Mentis
438 662 450 685 ,
467 641 510 673 et
528 631 746 672 incoctum
770 643 974 688 generoso
997 639 1145 686 pectus
1169 627 1383 671 honesto?

215 743 302 780 adeo
325 743 592 780 sanctimoniam
619 742 758 777 nullam
787 741 851 776 ad-

210 798 296 846 jecit
318 797 425 832 rebus
448 798 523 831 Deo
552 796 787 837 consecratis,
810 803 852 829 ut

213 859 336 885 contra
347 850 477 896 templa
491 848 652 896 quaedam
664 848 853 894 antiquitas

213 903 397 944 habuerit,
412 903 451 936 in
472 915 549 949 quae
572 914 700 936 aurum
721 902 853 934 inferre

212 965 286 990 erat
306 956 413 991 nefas.
434 957 558 1002 Itaque
582 954 694 993 aedem
714 954 850 1000 ingres-

210 1009 285 1043 suri
299 1033 309 1050 ,
339 1021 466 1042 aurum
496 1008 676 1054 ponebant
694 1031 705 1048 ‚
733 1005 851 1052 inquit

213 1062 396 1096 Plutarch.
415 1062 453 1095 in
470 1061 610 1094 Politic.
626 1067 793 1106 praecept.
812 1059 849 1092 C.

261 1127 320 1160 70.
348 1116 469 1157 Nempe
495 1115 575 1152 hoc,
600 1113 675 1157 eta]
706 1110 751 1144 Id
775 1118 826 1144 est
838 1135 850 1153 ,

214 1166 317 1200 nihil.
332 1166 421 1199 Nam
437 1164 584 1199 affectas
602 1172 638 1198 et
651 1163 852 1198 veneratio-

214 1219 270 1253 nis
301 1217 583 1264 magnitudinem
612 1216 769 1263 pretium
799 1215 852 1248 rei

215 1280 423 1306 consecratae
439 1270 666 1305 indicant.——
675 1270 790 1301 Veneri
799 1270 854 1300 do-

216 1335 304 1357 natoe
315 1338 338 1357 a
349 1326 474 1368 ‘virgine
484 1322 770 1367 pupae.‘Virgines
785 1333 850 1367 pu-

216 1377 387 1411 bertatem
416 1383 612 1410 consecutae
644 1386 756 1421 pupas
771 1399 782 1415 ‚
810 1381 852 1407 ut

217 1428 346 1475 ephebi
354 1428 468 1462 bullas
476 1452 488 1468 ‚
498 1427 647 1472 insignia
657 1427 713 1460 vel
723 1426 854 1459 instru-

216 1488 336 1514 menta
349 1480 429 1514 vitae
447 1487 610 1514 anteactae
630 1478 705 1511 Diis
727 1489 852 1511 conse-

216 1544 313 1566 crare
327 1532 496 1566 solebant.
510 1535 602 1574 Pupa
616 1538 666 1563 est
681 1531 833 1576 πλαγγὼν
842 1555 853 1573 ,

216 1584 315 1619 unde
337 1587 562 1629 planguneula
574 1610 584 1623 ‚
611 1582 709 1630 apud
739 1582 853 1616 Cicer.

216 1637 262 1672 ad
278 1638 447 1672 Atticum.
467 1637 537 1671 Has
557 1636 737 1670 icunculas
755 1648 856 1669 coro-

217 1690 330 1737 plathi
349 1703 368 1724 e
392 1702 501 1737 gypso
529 1689 763 1723 conficiebant
780 1713 791 1730 ‚
816 1688 855 1721 in

217 1744 362 1790 gratiam
387 1755 596 1789 puerorum.
618 1738 856 1788 Ᾰνὸριαντάρια

218 1796 392 1830 vocabant
424 1794 539 1829 Graeci
557 1820 566 1834 ‚
596 1793 656 1827 sed
692 1793 856 1827 usitatius

219 1849 312 1895 κόρας
323 1873 333 1885 ,
353 1846 486 1891 (Gallis
501 1858 599 1880 nunc
612 1847 784 1890 poupe'es).
813 1846 854 1880 C.

266 1912 320 1945 71.
336 1901 419 1942 Quin
432 1901 561 1938 damus,
575 1901 644 1942 eta]
661 1899 681 1932 J
684 1911 739 1931 am
751 1911 858 1944 supra

219 1951 374 1986 ostendit
390 1951 528 1985 Persius
546 1951 696 1993 vitium3
717 1951 776 1984 hic
797 1951 854 1984 in·

219 2004 314 2038 dicat
331 2003 430 2050 quod
443 2012 580 2037 rectum
595 2012 658 2037 est.
671 2023 715 2029 -
725 2007 773 2036 De
784 2017 853 2036 ma-

214 2070 283 2102 gna
294 2059 395 2090 lance.
407 2056 542 2090 Alludit
559 2055 604 2090 ad
618 2069 752 2089 morem
768 2057 853 2090 liba-

202 2111 205 2114 ’
218 2110 359 2144 tionum
372 2110 410 2143 in
426 2110 589 2156 patellam
600 2134 611 2151 ‚
626 2121 704 2155 quae
722 2108 853 2143 flebant

218 2161 256 2195 in
271 2174 390 2196 mensa
405 2161 450 2195 de
463 2162 504 2195 iis
522 2174 599 2208 quae
616 2161 667 2194 ihi
684 2169 781 2194 erant
793 2174 854 2207 ap-

217 2213 345 2260 posita.
359 2213 416 2248 Sic
430 2214 578 2247 Casaub.
594 2214 670 2259 Ego
677 2226 763 2247 vero
776 2214 855 2246 Pra-

218 2274 277 2300 teo
303 2279 440 2300 morem
464 2278 608 2312 gerens,
627 2267 677 2300 sic
696 2279 704 2298 :
728 2266 853 2300 allusio

220 2326 271 2352 est
300 2318 346 2352 ad
370 2328 528 2354 veterum
561 2331 698 2353 morem
718 2343 728 2359 ‚
756 2318 853 2364 apud

222 2382 312 2415 quos
323 2383 368 2404 ex
381 2383 499 2405 acerra
511 2384 684 2418 pauperes
695 2396 705 2413 ‚
720 2383 739 2404 e
755 2371 854 2404 lance

222 2433 285 2455 seu
304 2432 422 2468 patera
444 2424 594 2470 largiore
617 2424 744 2458 divites
764 2424 854 2456 liba—

220 2476 318 2509 bant.
332 2476 418 2510 vid.
435 2478 581 2511 initium
599 2478 708 2524 hujus
726 2485 790 2509 sat.
811 2475 856 2509 ad

223 2528 371 2562 verbum
385 2529 506 2562 acerra.
522 2531 564 2563 A.

951 755 1005 789 7²·
1023 744 1165 775 Messalae
1177 744 1265 786 lippa
1278 746 1446 788 propaga]
1461 743 1543 777 Pro-

902 797 1069 829 verbium
1104 805 1155 830 est
1195 796 1360 830 Groecum
1387 805 1396 827 Ξ
1432 797 1542 843 ἡρώων

904 846 1023 887 παῖδες
1059 847 1162 883 λῶῧσιι
1181 856 1192 888 ;
1219 848 1319 895 quod
1355 850 1545 896 saepissime

905 900 1039 935 evenit.
1054 901 1181 947 Tangit
1197 909 1315 934 autem
1328 926 1338 943 ‚
1355 902 1423 935 hoc
1442 902 1520 935 loco
1533 926 1544 944 ,

903 954 1064 995 Persius,
1083 953 1337 1000 nequissimum
1364 962 1398 987 et
1424 955 1543 988 nehu-

902 1008 1023 1041 lonem
1059 1007 1175 1040 fllium
1211 1007 1434 1042 illustrissimi
1475 1008 1544 1043 viri

902 1061 955 1094 M.
973 1060 1108 1094 Valerii
1124 1060 1270 1094 Corvini
1287 1061 1442 1095 Messalae
1453 1085 1464 1103 ‚
1482 1062 1545 1108 qui

903 1113 990 1146 olim
1003 1113 1098 1146 inter
1112 1112 1197 1146 alios
1210 1113 1451 1159 proscriptus,
1463 1126 1544 1160 pos·
1603 1123 1605 1125 '

903 1173 958 1199 tea
986 1165 1154 1211 singulari
1186 1167 1258 1199 fato
1288 1167 1440 1200 amicitia
1467 1168 1544 1201 Au-

904 1218 997 1264 gusti
1013 1217 1158 1259 floruit,
1177 1219 1348 1264 cujusque
1361 1231 1493 1253 nomen
1509 1227 1547 1253 et

903 1273 1035 1305 bonam
1049 1271 1176 1304 samam
1194 1279 1371 1317 occupant
1383 1280 1546 1306 veterum

904 1332 1148 1358 monumenta.
1160 1322 1202 1356 C.
1213 1343 1259 1348 —
1269 1326 1372 1366 Lippa
1386 1337 1544 1370 propago.

903 1376 1039 1422 Lippus
1047 1376 1193 1422 proprie
1202 1375 1335 1410 dicitur
1345 1376 1408 1422 qui
1418 1378 1545 1411 morbo

903 1428 1089 1462 oculorum
1114 1428 1271 1470 laborat;
1297 1436 1354 1469 at,
1380 1431 1463 1462 cum
1487 1430 1546 1463 hic

904 1481 1051 1515 morbus
1092 1480 1305 1527 plerumque
1353 1480 1546 1515 dissoluto-

904 1547 987 1570 rum
1002 1534 1244 1580 injuventute
1265 1545 1408 1567 morum
1429 1534 1473 1567 sit
1491 1534 1546 1567 in—

907 1586 1066 1629 dicium,
1090 1598 1247 1632 persaepe
1275 1598 1341 1631 pro
1371 1585 1546 1620 dissoluto

906 1639 1052 1673 homine
1071 1639 1128 1673 vel
1151 1638 1249 1672 fatuo
1270 1638 1468 1684 accipitur:
1489 1651 1548 1672 eo-

908 1692 990 1726 dem
1004 1693 1076 1726 sere
1091 1704 1196 1726 sensu
1210 1703 1289 1737 sup.
1305 1700 1369 1725 sat.
1384 1692 1402 1724 I
1413 1717 1423 1734 ,
1438 1704 1469 1725 v.
1484 1691 1547 1736 93,

907 1750 1018 1780 Patres
1036 1746 1204 1789 infundere
1218 1747 1326 1788 lippos.
1345 1745 1388 1778 A.

955 1797 1013 1843 73.
1034 1799 1240 1841 Compositum
1247 1799 1323 1842 jus,
1330 1797 1454 1840 fasque
1471 1799 1547 1829 αηὶ-

908 1852 980 1897 ιηί.]
1006 1851 1228 1897 Paraphrasis
1251 1849 1412 1883 indicans
1433 1850 1547 1883 virtu-

908 1912 979 1937 tem
996 1902 1153 1936 numeris
1174 1901 1338 1935 omnibus
1357 1901 1428 1935 suis
1445 1901 1548 1935 ahso-

907 1958 1032 1991 lutam.
1048 1958 1091 1990 Τὸ
1108 1957 1260 1990 sarantes
1279 1958 1336 1994 τῆς
1354 1956 1453 2000 ψυχῆς
1470 1958 1546 2000 πρὸς

905 2009 950 2043 τὰ
972 2010 1040 2043 θεῖοί
1061 2022 1096 2042 τε
1125 2007 1179 2042 καὶ
1202 2007 1383 2053 ἀνθρώπινα
1406 2005 1522 2042 δίκαια.
1536 2032 1547 2047 ,

905 2061 1064 2094 animum
1100 2059 1191 2093 bene
1228 2068 1471 2104 comparatum
1504 2057 1552 2092 ad

907 2113 1029 2148 divina
1055 2121 1090 2147 et
1110 2113 1263 2146 humana
1278 2114 1370 2158 jura.
1388 2132 1435 2137 —
1447 2116 1547 2144 Sanc-

907 2176 1016 2209 tosque
1049 2178 1183 2198 recessus
1223 2166 1346 2197 mentis.
1383 2164 1429 2196 D.
1461 2163 1547 2196 Pau-

905 2220 961 2253 lus
977 2233 986 2252 :
1007 2219 1051 2252 τὰ
1070 2218 1196 2263 κρυπτὰ
1214 2223 1276 2251 τῶν
1298 2218 1482 2263 ἀνθρώπων.
1504 2217 1545 2249 C.

954 2274 1011 2316 74.
1037 2271 1222 2312 [nanctum]
1246 2269 1432 2301 Imbutum
1445 2292 1455 2307 ‚
1474 2266 1548 2311 pri-

906 2322 987 2357 dem
1009 2330 1201 2356 assuetum.
1226 2326 1404 2363 Incoquere
1430 2327 1547 2352 autem

905 2371 1058 2404 verbum
1083 2369 1299 2405 tinctorum,
1317 2366 1362 2400 de
1385 2365 1550 2411 djbaphjs

907 2431 942 2457 et
955 2421 1184 2455 saturioribus
1198 2420 1375 2453 coloribus
1391 2444 1402 2461 ,
1418 2419 1550 2465 quihus

908 2475 970 2508 ubi
987 2474 1094 2507 semel
1112 2472 1219 2506 fuerit
1235 2472 1393 2504 imbutus
1410 2482 1549 2516 pannus

908 2538 1106 2572 numquam
1131 2532 1256 2558 mutat.
1269 2544 1314 2550 -—
1323 2526 1491 2557 Generoso.
1504 2547 1510 2555 .
1521 2547 1528 2554 .
1539 2546 1546 2554 .

281 2633 323 2663 V.
338 2632 390 2671 73.
405 2633 526 2666 Animi.
546 2635 668 2665 Omnes
688 2632 785 2665 codd.
799 2633 856 2663 Ita.
870 2633 943 2663 Vet.
958 2630 1057 2661 schol.
1072 2628 1190 2660 animo.
