1846 3184
305 323 401 400 '204
621 356 624 359 ⁴
694 347 1048 391 SULPICIAE
1093 349 1271 393 VITA.

312 433 445 468 Exstat
470 437 509 468 et
537 432 677 481 poema
701 431 932 470 hexametris
949 433 1123 470 versibus
1149 433 1435 483 conscriptum,
1454 433 1504 471 de
1528 433 1669 471 Domi-

312 501 407 538 tiani
428 501 584 539 Caesaris
606 501 869 553 temporibus,
888 503 998 553 quod
1018 502 1110 540 huic
1129 502 1204 553 ipsi
1223 503 1404 554 Sulpiciae
1423 503 1664 554 adscriptum

313 579 398 618 est;
425 572 575 609 tametsi
603 571 749 609 alicubi
778 572 1072 611 inemendatum
1101 573 1199 611 adeo
1219 601 1230 620 ‚
1256 582 1301 611 ut
1329 573 1497 612 dubitari
1528 574 1664 624 possit.

311 642 504 679 Hactenus
531 640 750 692 Gyraldus:
777 642 842 679 cui
875 650 914 680 et
947 642 1112 681 alterum
1145 657 1304 695 quoque
1337 644 1512 696 ejusdem
1541 646 1667 695 poetae

312 711 549 763 epigramma
561 739 571 758 ‚
589 711 734 751 Caleno
750 711 932 763 Sulpiciae
953 713 1092 750 marito
1108 713 1357 765 inscriptum,
1369 714 1507 753 adsuas
1519 713 1666 752 licebit.

639 787 672 821 Ο
688 787 813 821 molles
832 787 899 821 tihi
918 787 1128 834 quindecim
1139 814 1150 831 ,
1169 788 1300 824 Calene
1313 815 1324 833 ,

639 846 743 887 Quos
761 858 847 879 cum
866 845 1025 892 Sulpicia
1044 855 1105 880 tua
1120 847 1257 893 jugales

637 902 797 937 Indulsit
817 904 913 937 Deus
926 927 936 945 ,
957 912 993 938 et
1035 903 1148 950 eregit
1164 904 1295 938 annos!

641 962 673 995 O
689 974 763 995 nox
781 961 897 995 omnis
909 986 920 1003 ‚
941 916 1080 1013 egra
1095 987 1105 1003 ‚
1126 975 1207 1009 quoe
1225 970 1311 997 nota
1329 970 1380 998 est

641 1020 740 1055 Caris
758 1020 890 1054 littoris
909 1019 1029 1054 Indici
1046 1020 1196 1067 lapillis!

632 1078 665 1112 O
686 1091 766 1125 quae
784 1078 926 1125 praelia,
942 1091 1030 1125 quas
1047 1079 1223 1126 utrinque
1241 1092 1381 1127 pugnas

635 1138 736 1172 Felix
753 1139 908 1187 lectulus
927 1147 963 1173 et
981 1139 1128 1173 lucerna
1145 1139 1240 1175 vidit

638 1197 779 1231 Nimbis
798 1197 896 1231 ebria
915 1197 1154 1232 Nicerotianis
1169 1197 1178 1230 !

635 1255 771 1289 Vixisti
791 1256 908 1290 tribus
920 1281 931 1297 ‚
947 1257 969 1290 ὁ
986 1256 1135 1297 Calene,
1151 1255 1288 1291 lustris.

634 1314 741 1348 Aetas
759 1314 835 1348 haec
854 1314 919 1348 tibi
940 1323 1014 1349 tota
1032 1323 1291 1360 computatur,

638 1372 686 1406 Et
705 1373 799 1406 solos
818 1385 985 1407 numeras
1006 1372 1081 1407 dies
1101 1373 1234 1407 mariti.

634 1430 694 1463 Ex
708 1430 781 1471 ¹illis
800 1430 867 1464 tibi
885 1431 914 1464 si
932 1430 998 1465 diu
1018 1440 1178 1478 rogatam

639 1488 777 1522 Lucem
795 1488 964 1523 redderet
980 1491 1137 1535 Atropos
1148 1514 1159 1530 ‚
1176 1489 1234 1523 vel
1255 1502 1364 1524 unam

637 1546 761 1581 Malles
773 1572 785 1591 ‚
804 1550 914 1594 quam
931 1547 1068 1594 Pyliam
1087 1556 1214 1594 quater
1233 1556 1423 1582 senectam.

831 1664 1018 1676 mmm

309 1748 375 1790 De
404 1745 553 1789 eadem
587 1746 804 1804 Sulpicia,
830 1746 1044 1805 Principis
1074 1746 1158 1788 viri
1188 1746 1211 1788 J
1219 1778 1230 1788 .
1258 1747 1431 1788 Caesaris
1458 1746 1660 1805 Scaligeri

368 1823 559 1880 elogium
591 1822 692 1879 (Ex
722 1822 903 1881 ejusdem
935 1823 1122 1864 Poie'tc'ces
1150 1822 1255 1864 libro
1286 1822 1334 1866 V
1327 1822 1352 1864 Ι
1359 1855 1373 1876 ,
1399 1824 1476 1881 qui
1498 1822 1662 1881 Hyper-

367 1899 543 1940 criticus
568 1899 817 1941 inscribitur.

357 2029 395 2064 A
427 2026 570 2064 femina
600 2026 867 2077 incipiendum
905 2036 988 2065 est:
1018 2028 1128 2065 aiunt
1163 2028 1267 2066 enim
1299 2027 1512 2078 Sulpiciam
1543 2027 1662 2065 fuisse

307 2098 550 2148 temporibus
565 2098 788 2135 Domitiani.
805 2099 899 2149 Ejus
918 2100 1030 2136 satira
1050 2099 1149 2136 falso
1168 2099 1343 2137 Ausonio
1362 2098 1545 2136 attributa
1561 2098 1658 2135 fuit:

306 2169 398 2207 satis
425 2169 529 2207 enim
555 2177 662 2219 patet
692 2182 715 2205 a
747 2168 890 2206 femina
922 2170 1043 2207 factos
1072 2183 1227 2216 versus,
1257 2170 1298 2207 in
1329 2169 1475 2220 quibus
1506 2172 1660 2206 Musam

306 2240 511 2278 cultricem
536 2224 707 2291 appellat
737 2253 847 2277 suam
867 2254 878 2287 3
907 2253 1074 2292 quaeque
1103 2240 1156 2278 ait
1186 2253 1267 2278 sese
1291 2240 1455 2290 primam
1480 2238 1660 2276 docuisse

304 2312 502 2348 Romanas
519 2309 703 2348 mulieres
722 2323 833 2361 posse
851 2322 943 2347 eum
959 2309 1103 2347 Graecis
1120 2310 1279 2361 poetriis
1294 2309 1508 2359 comparari
1524 2323 1533 2345 :

634 2387 812 2429 Primaque
833 2388 996 2418 Romanas
1022 2386 1120 2417 docui
1142 2386 1335 2420 contendere
1357 2385 1470 2416 Graiis.
1515 2366 1521 2371 -

304 2459 352 2496 In
368 2471 411 2496 ea
423 2458 595 2495 multum
607 2457 858 2503 dexteritatis,
869 2456 918 2494 ad
931 2455 1122 2494 satiricam
1136 2455 1427 2493 amarulentiam
1443 2454 1658 2506 aspirantis.

305 2529 467 2566 Numeri
494 2541 584 2566 vero
606 2556 616 2574 ‚
644 2536 690 2564 ut
714 2528 755 2565 in
786 2540 833 2565 eo
863 2540 1002 2578 genere
1032 2526 1240 2578 poematis,
1265 2538 1344 2563 non
1366 2524 1656 2562 contemnendi.

303 2599 449 2650 Igitur,
479 2607 523 2636 ut
552 2607 630 2636 tam
649 2597 856 2636 laudabilis
877 2597 1046 2638 heroinae
1072 2597 1170 2637 ratio
1196 2596 1382 2636 habeatur
1396 2625 1407 2645 ‚
1426 2608 1507 2635 non
1530 2594 1656 2634 ausim

304 2668 472 2719 objicere
491 2670 526 2709 ei
539 2669 682 2722 judicii
700 2668 952 2710 severitatem.
