1846 3184
198 302 260 315 Qum
1350 292 1513 305 mmm

400 410 780 472 SATIRAE
831 408 1313 470 SECUNDAE

574 561 1134 610 ARGUMENTUM.

266 720 423 744 eAltll'
446 717 681 741 AvAnxrxAt
705 716 816 739 ,ΔΒΑ
836 715 944 738 ῩΟΤΔ
962 715 1212 742 PRICESQUI
1232 713 1442 735 sxcunnss.

250 802 360 841 Idem
373 813 529 853 prorsus
543 807 600 838 est
615 799 736 836 satirae
754 798 871 850 hujus
886 805 1002 848 atque
1017 795 1210 834 luvenalis
1227 795 1387 834 decimae
1402 809 1520 847 argu-

199 880 385 911 mentum.
400 874 571 921 Uterque
587 871 700 920 poeta
717 866 1030 906 luculentissimis
1041 866 1212 904 versibus
1226 865 1338 903 nobis
1355 865 1523 903 ostendit

200 954 288 993 quae
308 940 424 978 fuerit
448 939 661 991 proborum
684 938 858 975 omnium
882 935 1117 987 antiquitatis
1130 936 1302 974 virorum
1322 935 1454 986 opinio
1472 935 1522 972 de

199 1012 350 1050 ratione
374 1023 419 1048 ac
445 1009 564 1047 modo
593 1011 765 1046 Deorum
795 1006 1098 1058 preoendornm3
1123 1014 1162 1044 et
1191 1019 1236 1044 ea
1263 1019 1420 1057 quoque
1450 1005 1524 1042 fuit

201 1080 504 1119 Christianorum
521 1079 620 1129 (vid.
641 1078 861 1115 Orationem
878 1076 1168 1127 Dominicam.);
1186 1084 1351 1127 uterque
1369 1082 1524 1127 peccata

203 1157 243 1187 et
260 1161 406 1187 errores
422 1162 444 1186 a
460 1147 579 1199 vulgo
596 1147 797 1185 hominum
815 1148 855 1184 in
875 1146 1020 1184 orando
1039 1146 1228 1184 committi
1247 1145 1380 1183 solitos
1396 1144 1525 1182 redar-

202 1219 310 1269 guit3
330 1217 398 1255 sed
418 1217 546 1255 Persio
569 1217 723 1267 propria
748 1215 833 1253 laus
860 1224 938 1262 est,
963 1215 1071 1266 quod
1097 1215 1335 1266 paucissimis
1353 1214 1526 1252 versibus

203 1287 318 1338 plura
340 1286 463 1337 capita
491 1286 673 1323 doctrinae
702 1284 841 1336 hujus,
863 1297 981 1335 quam
1004 1283 1068 1321 vel
1098 1283 1205 1322 Plato
1218 1313 1229 1329 ‚
1245 1283 1307 1320 vel
1333 1283 1527 1321 luvenalis

204 1364 262 1394 est
277 1355 524 1406 complexus;
544 1355 615 1392 etsi
631 1353 886 1405 philosophus
898 1353 1071 1404 Aquinas
1088 1351 1237 1390 summa
1254 1360 1336 1390 arte
1351 1352 1527 1390 homines

204 1439 228 1463 a
251 1426 350 1464 votis
377 1425 600 1476 peragendis
629 1423 795 1462 deterret
821 1436 899 1461 suae
924 1424 1098 1474 ipsorum
1122 1422 1299 1460 utilitatis
1323 1430 1501 1473 respectu
1514 1449 1525 1466 ‚

204 1494 349 1532 scilicet
361 1493 546 1546 exemplis
565 1493 767 1544 aptissimis
784 1500 823 1530 et
839 1500 969 1544 aperte
988 1493 1077 1530 satis
1099 1493 1317 1543 periculum
1334 1501 1449 1543 atque
1467 1492 1529 1529 in-

205 1563 348 1601 saniam
374 1570 557 1600 votorum
588 1561 879 1599 declarantibus.
912 1564 1005 1600 Tres
1038 1570 1166 1599 autem
1199 1562 1316 1599 Persii
1351 1561 1529 1599 carminis

205 1629 331 1684 partes
352 1640 452 1669 sunt.
480 1631 656 1676 «Prima,
680 1631 807 1681 inquit
833 1630 1099 1676 Casanbonm,
1125 1623 1230 1668 ex‘tra
1252 1644 1334 1668 rem
1359 1638 1436 1675 est,
1457 1630 1529 1667 soli

207 1718 225 1736 ι
241 1701 371 1739 decori
391 1699 556 1738 serviens
566 1729 578 1746 ‚
593 1699 759 1750 ideoque
777 1699 996 1738 brevissima
1009 1728 1020 1746 ‚
1040 1707 1079 1736 et
1097 1708 1263 1750 quatuor
1280 1707 1431 1736 tantum
1444 1713 1530 1737 ver-

209 1785 227 1803 «
240 1782 354 1807 suum
365 1798 376 1816 ‚
395 1769 538 1820 quibus
555 1777 708 1819 paratur
727 1768 854 1806 aditus
870 1769 919 1806 ad
938 1769 1201 1807 tractationem
1219 1769 1424 1820 propositae
1441 1768 1530 1806 the-

210 1854 227 1872 «
240 1851 324 1876 seos
338 1838 382 1889 (1
393 1859 446 1866 —
455 1838 514 1887 4).
531 1837 746 1874 Macrinum
763 1837 866 1874 enim
884 1837 1109 1875 familiarem
1123 1851 1237 1875 suum
1252 1838 1384 1875 laudat
1394 1866 1406 1884 ‚
1422 1839 1530 1889 quod

212 1923 229 1940 ι
242 1907 435 1944 scientiam
452 1907 551 1944 bene
566 1900 719 1953 orandi,
740 1919 784 1944 ac
801 1915 888 1944 vota
906 1907 1069 1945 faciendi
1087 1915 1233 1946 teneret
1247 1937 1258 1954 ‚
1279 1921 1407 1959 neque
1425 1908 1533 1959 vulgi

214 1993 230 2011 α
242 1976 434 2014 erroribus
456 1975 527 2014 hac
543 1976 584 2013 in
602 1989 644 2014 re
663 1976 934 2027 implicaretur.
958 1977 991 2014 Ii
1014 1978 1234 2029 cujusmodi
1256 1978 1332 2016 sint
1349 1978 1531 2027 deinceps

198 2039 230 2079 ἀ
245 2045 455 2096 explimtur
480 2044 645 2096 (5—30
655 2046 682 2096 ).
707 2045 883 2084 Secunda
910 2046 1028 2098 igitur
1054 2055 1162 2098 parte
1189 2048 1238 2085 de
1268 2048 1315 2085 iis
1338 2048 1532 2099 praecipue

212 2131 229 2148 σι
243 2122 396 2161 metat,
412 2115 482 2166 qui
501 2115 542 2152 in
558 2123 736 2153 votorum
754 2117 908 2165 materia
931 2126 1155 2168 peccarent3
1178 2118 1420 2168 ostenditque
1437 2117 1532 2154 alios

211 2199 229 2217 ι
241 2196 302 2220 res
321 2183 457 2234 impias
475 2197 498 2220 a
513 2183 596 2221 Diis
613 2192 744 2235 petere
761 2186 894 2223 solitos
907 2215 918 2232 ,
938 2200 1035 2237 quos
1055 2187 1214 2238 quidem
1232 2187 1449 2238 gravissime
1468 2187 1532 2223 in-

212 2261 394 2304 «crepat2
411 2253 506 2291 alios
530 2267 610 2292 11011
632 2255 750 2306 impia
774 2256 933 2306 quidem
955 2258 1058 2295 Deos
1085 2270 1264 2308 poscere,
1283 2256 1350 2293 sed
1374 2255 1509 2293 frivola
1522 2286 1531 2298 ,

212 2337 230 2356 α
241 2321 334 2373 ipsis
344 2334 444 2374 saepe
456 2324 701 2373 poscentibus
711 2338 791 2362 non
802 2326 1002 2376 profutura
1016 2326 1158 2376 (immo
1170 2326 1343 2364 nocitura
1352 2353 1363 2371 ,
1376 2333 1421 2362 ut
1431 2333 1534 2362 recte

214 2412 231 2427 α
243 2402 287 2427 ac
300 2391 421 2428 fusius
435 2392 611 2441 probavit
621 2394 813 2431 Juvenalis
822 2394 857 2444 );
870 2403 986 2445 atque
1001 2396 1163 2432 istorum
1179 2402 1358 2445 praeterea
1372 2394 1534 2445 ineptias

213 2459 385 2510 «tangit,
407 2468 445 2497 et
472 2461 570 2498 ritus
596 2462 637 2499 in
661 2463 839 2512 precibus
876 2464 1137 2513 concipiendis
1164 2463 1469 2514 superstitiosos,
1493 2472 1533 2501 et

217 2542 233 2559 o«
244 2526 415 2566 irrisione
433 2529 580 2567 satirica
594 2530 834 2581 dignissimos
852 2533 922 2582 (31
935 2553 988 2561 —
999 2538 1045 2577 44
1056 2532 1071 2582 )
1082 2547 1094 2579 ;
1111 2541 1306 2583 postremo
1324 2534 1532 2584 pugnantia

220 2595 320 2634 «sibi
345 2597 508 2637 invicem
531 2600 718 2638 contraria
744 2599 945 2638 hominum
974 2609 1062 2639 vota
1086 2602 1247 2653 exagitat
1264 2601 1494 2652 (45-51).
1516 2620 1532 2637 »
