1846 3184
1071 125 1138 205 s
1296 88 1498 235 9

319 258 405 309 224
708 257 754 300 cz
795 255 1059 299 LUCILII
1099 255 1270 299 vrrA.

317 338 550 380 detraheret.
567 340 668 381 Hinc
687 342 723 380 ei
740 341 961 382 libertatem
988 349 1028 379 et
1053 339 1303 385 acerbitatem
1330 340 1523 379 summam
1542 338 1673 388 Quin-

319 406 476 444 tilianus
491 405 674 445 adscribit
689 420 698 443 :
717 407 787 458 qui
802 406 916 444 locus
931 419 1011 444 non
1026 406 1174 458 patitur
1185 418 1251 444 me
1266 405 1465 444 oblivione
1478 407 1674 457 praeterire

318 471 441 509 alium
459 471 626 510 similem
644 471 694 510 de
713 471 866 509 Lucilio
884 472 1040 518 locum,
1055 472 1123 510 sed
1139 481 1369 523 corruptum
1380 501 1391 518 ,
1408 472 1523 521 cujus
1538 481 1678 510 auctor

318 545 430 575 vetus
447 537 598 574 Horatii
616 537 806 587 interpres
818 564 829 582 ‚
847 536 955 587 apud
974 551 1093 586 quem
1112 538 1165 575 ita
1188 538 1332 589 legitur
1348 552 1356 574 ε
1375 539 1508 575 Satira
1524 539 1682 575 Horatii

320 603 572 639 inter-Lucilii
582 603 744 638 satiram
761 609 800 637 et
813 603 1010 638 Iuvenalis
1025 604 1156 639 media
1174 612 1231 640 est
1237 617 1251 648 ‚·
1268 617 1360 639 nam
1378 613 1414 639 et
1426 605 1677 653 asperitatem

319 667 440 703 habet
450 695 463 712 ,
488 668 643 715 qualem
667 667 860 710 Lucilius5
878 673 915 702 ct
938 668 1162 704 suavitatem
1190 669 1346 717 qualem
1367 670 1589 705 luvenalis-.-
1607 667 1678 705 ubi

319 731 505 769 audacter
532 742 682 780 repono
698 758 708 776 ‚
732 731 1004 776 acerbitatem,
1029 744 1149 782 quam
1178 740 1268 782 apte
1300 733 1477 770 suavitati
1504 734 1676 784 opponi,

321 809 410 846 quae
427 792 557 832 statim
575 795 753 832 Juvenali
771 794 958 832 tribuitur
969 824 979 842 ,
996 809 1113 834 nemo
1134 797 1314 848 negabit3
1334 806 1375 835 et
1394 798 1583 836 acerbitas
1603 811 1680 835 cae-

320 860 476 911 teroqui
505 860 662 911 propria
693 859 1061 911 satirographorum.
1093 860 1157 899 Sic
1186 862 1292 899 enim
1320 862 1503 901 Horatius
1529 862 1579 900 de
1607 875 1647 900 se
1664 891 1676 909 ‚

320 924 390 963 lib.
410 926 449 962 ΙΙ
469 937 714 971 sermonum,
733 932 803 962 sat.
827 926 846 961 I
862 938 870 960 :

561 1011 649 1041 Sunt
665 1008 789 1050 quibus
807 1009 845 1039 in
861 1009 958 1040 satira
971 1008 1083 1040 videar
1096 1009 1197 1041 nimis
1214 1020 1299 1041 acer.

323 1096 480 1136 Amavit
490 1057 670 1134 {acilius
685 1095 882 1147 Collyram
899 1096 1073 1147 puellam
1085 1126 1096 1143 ,
1114 1097 1278 1148 ejusque
1292 1097 1462 1136 nominis
1476 1097 1592 1136 titulo
1611 1098 1679 1135 de·

322 1163 471 1201 cimum
495 1169 646 1199 sextum
670 1162 816 1199 librum
840 1161 1046 1212 inscripsit.
1068 1163 1232 1200 Servum
1258 1161 1396 1200 habuit
1418 1163 1578 1201 nomine
1596 1165 1682 1200 Me-

321 1227 554 1280 trophanem
569 1256 582 1274 ,
609 1226 723 1275 cujus
751 1225 870 1265 fidem
899 1240 944 1264 ae
971 1222 1207 1277 probitatem
1234 1227 1394 1280 publice
1421 1227 1619 1280 epitaphio
1646 1228 1684 1265 ei

322 1293 483 1331 condito
504 1299 665 1330 testatus
685 1299 754 1329 est.
778 1291 975 1329 Habitavit
992 1294 1129 1329 Romae
1155 1292 1197 1330 in
1225 1292 1344 1331 domo
1357 1322 1368 1339 ‚
1389 1306 1478 1344 quae
1496 1291 1689 1344 Antiochi*

322 1359 424 1410 regis
440 1358 523 1395 filio
542 1356 674 1395 obsidi
692 1355 852 1408 publice
871 1356 1057 1394 aedificata
1078 1356 1216 1394 fuerat.
1234 1357 1399 1409 Neapoli
1417 1366 1619 1396 mortuum
1638 1369 1683 1395 ac

323 1422 487 1474 publico
506 1422 642 1460 funere
663 1421 810 1459 elatum
836 1421 890 1458 ait
915 1421 1128 1468 Eusebius,
1149 1435 1251 1460 anno
1270 1422 1393 1460 aetatis
1411 1436 1492 1460 suae
1515 1422 1685 1474 quadra-

324 1487 471 1539 gesimo
491 1495 624 1524 sexto:
645 1486 709 1523 cui
728 1499 921 1523 annorum
944 1486 1085 1524 rationi
1103 1486 1191 1524 vide
1215 1501 1265 1525 an
1288 1500 1370 1525 non
1393 1495 1585 1541 repugnet
1602 1488 1684 1525 Ho-

325 1552 446 1591 ratius
459 1580 470 1599 ‚
490 1552 560 1604 qui
578 1565 670 1590 eum
690 1564 822 1589 senem
840 1550 933 1606 lfacit
951 1550 1029 1588 illis
1046 1551 1244 1589 versibus:

570 1656 1052 1670 .....................
1060 1635 1139 1675 Quo
1157 1634 1195 1666 fit
1206 1657 1215 1672 ‚
1234 1641 1272 1666 nt
1289 1635 1401 1667 omnis

563 1686 685 1718 Votiva
699 1693 808 1730 pateat
824 1687 930 1719 veluti
948 1687 1112 1730 descripta
1128 1685 1248 1718 tabella

566 1741 646 1772 Vita
663 1741 764 1772 senis.

327 1822 438 1874 quod
470 1835 551 1873 quo
581 1829 695 1873 pacto
729 1834 822 1859 cum
855 1820 1082 1859 Eusebianis
1111 1820 1304 1859 chronicis
1335 1820 1535 1868 conciliari
1563 1821 1688 1872 possit

327 1886 463 1925 nullus
475 1886 635 1924 hercule
648 1885 764 1923 video
775 1915 787 1933 ,
803 1886 922 1923 nisisi
943 1886 1156 1924 solemnem
1170 1885 1279 1923 illam
1293 1886 1556 1925 Servitulliani
1572 1885 1688 1924 lustri

326 1951 519 1990 rationem
543 1950 786 2001 sequendam
816 1951 1029 1998 ducamus,
1056 1952 1159 2002 qua,
1178 1959 1225 1988 ut
1251 1950 1321 1989 lib.
1341 1953 1405 1999 X,
1429 1964 1514 2002 cap.
1541 1952 1615 1997 28,
1639 1963 1688 1988 ex

327 2016 536 2056 Tuberone
555 2015 672 2053 docet
690 2017 736 2052 A.
759 2015 862 2052 Gell.
880 2016 1058 2062 juniores
1080 2016 1132 2054 ad
1154 2029 1302 2054 annum
1326 2029 1453 2068 usque
1473 2016 1690 2068 quadrage-

327 2081 472 2120 simum
491 2088 645 2118 sextum
659 2108 670 2125 ,
693 2092 890 2130 supraque
918 2094 1011 2118 eum
1031 2083 1200 2118 seniores
1221 2081 1367 2120 fuerint
1384 2080 1586 2133 appellati.
1608 2083 1691 2121 Lu-

327 2146 466 2184 cilium
480 2153 612 2183 autem
628 2144 802 2195 primum
820 2145 999 2181 omnium
1018 2158 1058 2182 se
1076 2158 1121 2182 ac
1139 2145 1472 2196 elegantissimum
1485 2144 1689 2196 ingenium

328 2225 448 2250 suum
468 2210 510 2248 in
532 2209 608 2248 hoc
635 2207 830 2247 scribendi
856 2222 996 2260 genere
1022 2210 1258 2256 exercuisse,
1277 2217 1322 2247 ac
1348 2210 1499 2248 satirica
1518 2209 1691 2247 carmina

327 2276 496 2315 scribere
516 2275 678 2326 coepisse
692 2302 704 2320 ,
725 2287 774 2312 ex
790 2274 952 2312 Horatio
973 2273 1124 2325 liquido
1142 2283 1324 2325 apparet,
1346 2275 1416 2325 qui
1433 2274 1554 2312 modo
1572 2273 1690 2312 illum

328 2346 571 2390 Inventor-em
585 2340 618 2389 ej
624 2352 669 2377 us
685 2339 777 2377 facit
786 2367 797 2386 ‚
811 2338 932 2383 modo
944 2353 1083 2376 ausum
1093 2368 1107 2386 ,
1125 2339 1179 2376 ait
1190 2368 1201 2386 ,
1208 2341 1385 2388 primum
1397 2341 1437 2376 in
1449 2339 1552 2376 hunc
1564 2341 1690 2389 operis

331 2419 560 2457 componere
580 2406 758 2442 carmina
778 2417 935 2442 morem.
954 2406 1054 2443 Nam
1072 2404 1183 2456 quod
1202 2404 1375 2441 Ennium
1391 2413 1460 2442 aut
1477 2405 1688 2442 Pacuvium

329 2473 419 2524 quis
432 2471 591 2520 objiciat
598 2469 720 2508 'nobis
730 2498 742 2516 ,
757 2483 929 2521 quorum
942 2470 1059 2509 etiam
1071 2470 1273 2507 satirarum
1287 2469 1378 2507 libri
1392 2483 1414 2508 a
1429 2470 1690 2521 grammaticis

328 2537 564 2582 laudantur,
584 2535 714 2574 minus
733 2535 859 2573 nihilo
876 2543 948 2573 est.
968 2535 1101 2574 Titulo
1120 2543 1234 2573 tenus
1253 2534 1417 2586 quidem
1436 2535 1484 2572 iis
1498 2549 1591 2573 cum
1607 2538 1690 2573 Lu-

331 2603 451 2640 cianis
475 2600 600 2639 satiris
634 2600 910 2648 conveniebat,
934 2614 976 2640 re
1005 2601 1089 2652 ipsa
1119 2599 1400 2638 dissimillimis.
1425 2602 1523 2638 Nam
1549 2608 1689 2651 praeter

326 2666 435 2717 quod
452 2666 611 2706 diversis
624 2674 840 2715 metrorum
855 2666 1062 2720 generibus
1072 2679 1143 2706 eos
1155 2666 1396 2718 conscriptos
1408 2665 1686 2725 comperimus,
