<?xml version="1.0" encoding="UTF-8"?>
<!DOCTYPE html PUBLIC "-//W3C//DTD XHTML 1.0 Transitional//EN"
    "http://www.w3.org/TR/xhtml1/DTD/xhtml1-transitional.dtd">
<html xmlns="http://www.w3.org/1999/xhtml" xml:lang="en" lang="en">
 <head>
  <title>
</title>
<meta http-equiv="Content-Type" content="text/html;charset=utf-8" />
  <meta name='ocr-system' content='tesseract 3.04.00' />
  <meta name='ocr-capabilities' content='ocr_page ocr_carea ocr_par ocr_line ocrx_word'/>
</head>
<body>
  <div class='ocr_page' id='page_1' title='image "./satiraeadcodice00persuoft_0282.png"; bbox 0 0 1846 3184; ppageno 0'>
   <div class='ocr_carea' id='block_1_1' title="bbox 275 306 1338 358">
    <p class='ocr_par' dir='ltr' id='par_1_1' title="bbox 275 306 1338 358">
     <span class='ocr_line' id='line_1_1' title="bbox 275 306 1338 358; baseline 0.007 -10"><span class='ocrx_word' id='word_1_1' title='bbox 275 307 361 358; x_wconf 71' lang='lat'><strong>242</strong></span> <span class='ocrx_word' id='word_1_2' title='bbox 534 307 582 348; x_wconf 91' lang='lat' dir='ltr'><strong>C.</strong></span> <span class='ocrx_word' id='word_1_3' title='bbox 615 306 884 351; x_wconf 90' lang='lat' dir='ltr'>LUCILII</span> <span class='ocrx_word' id='word_1_4' title='bbox 919 309 1338 355; x_wconf 84' lang='lat' dir='ltr'><strong>FRAGMENTA</strong></span> 
     </span>
    </p>
   </div>
   <div class='ocr_carea' id='block_1_2' title="bbox 316 392 1328 1202">
    <p class='ocr_par' dir='ltr' id='par_1_2' title="bbox 316 392 1328 1202">
     <span class='ocr_line' id='line_1_2' title="bbox 824 392 1077 430; baseline 0.008 -2"><span class='ocrx_word' id='word_1_5' title='bbox 824 392 854 428; x_wconf 93' lang='lat' dir='ltr'>C</span> <span class='ocrx_word' id='word_1_6' title='bbox 866 394 898 429; x_wconf 95' lang='lat' dir='ltr'>L</span> <span class='ocrx_word' id='word_1_7' title='bbox 911 393 950 429; x_wconf 89' lang='lat' dir='ltr'>X</span> <span class='ocrx_word' id='word_1_8' title='bbox 961 393 1001 430; x_wconf 89' lang='lat' dir='ltr'>X</span> <span class='ocrx_word' id='word_1_9' title='bbox 1012 394 1032 430; x_wconf 93' lang='lat'>1</span> <span class='ocrx_word' id='word_1_10' title='bbox 1045 394 1077 430; x_wconf 94' lang='lat'><strong>1.</strong></span> 
     </span>
     <span class='ocr_line' id='line_1_3' title="bbox 324 451 1326 504; baseline 0.004 -14"><span class='ocrx_word' id='word_1_11' title='bbox 324 451 530 491; x_wconf 83' lang='lat' dir='ltr'><strong>Tantidem</strong></span> <span class='ocrx_word' id='word_1_12' title='bbox 548 453 659 504; x_wconf 88' lang='lat' dir='ltr'><strong>quasi</strong></span> <span class='ocrx_word' id='word_1_13' title='bbox 677 454 755 492; x_wconf 86' lang='lat' dir='ltr'><strong>feta</strong></span> <span class='ocrx_word' id='word_1_14' title='bbox 773 468 887 493; x_wconf 88' lang='lat' dir='ltr'><strong>canes</strong></span> <span class='ocrx_word' id='word_1_15' title='bbox 907 456 989 494; x_wconf 90' lang='lat' dir='ltr'><strong>sine</strong></span> <span class='ocrx_word' id='word_1_16' title='bbox 1008 456 1184 495; x_wconf 90' lang='lat' dir='ltr'><strong>dentibu&#39;</strong></span> <span class='ocrx_word' id='word_1_17' title='bbox 1201 457 1326 496; x_wconf 84' lang='lat' dir='ltr'><strong>latrat.</strong></span> 
     </span>
     <span class='ocr_line' id='line_1_4' title="bbox 801 521 1084 558; baseline 0.007 -2"><span class='ocrx_word' id='word_1_18' title='bbox 801 521 830 556; x_wconf 93' lang='lat' dir='ltr'>C</span> <span class='ocrx_word' id='word_1_19' title='bbox 844 523 876 557; x_wconf 93' lang='lat' dir='ltr'>L</span> <span class='ocrx_word' id='word_1_20' title='bbox 886 522 926 557; x_wconf 90' lang='lat' dir='ltr'><strong>X</strong></span> <span class='ocrx_word' id='word_1_21' title='bbox 936 521 977 558; x_wconf 89' lang='lat' dir='ltr'>X</span> <span class='ocrx_word' id='word_1_22' title='bbox 988 523 1007 558; x_wconf 94' lang='lat'>1</span> <span class='ocrx_word' id='word_1_23' title='bbox 1019 523 1038 558; x_wconf 99' lang='grc' dir='ltr'>Ι</span> <span class='ocrx_word' id='word_1_24' title='bbox 1051 523 1084 558; x_wconf 92' lang='grc' dir='ltr'><strong>Ι.</strong></span> 
     </span>
     <span class='ocr_line' id='line_1_5' title="bbox 322 581 1134 629; baseline 0.001 -8"><span class='ocrx_word' id='word_1_25' title='bbox 322 584 412 621; x_wconf 88' lang='lat' dir='ltr'><strong>Non</strong></span> <span class='ocrx_word' id='word_1_26' title='bbox 428 581 667 620; x_wconf 87' lang='lat' dir='ltr'><strong>frustillatim</strong></span> <span class='ocrx_word' id='word_1_27' title='bbox 679 610 690 628; x_wconf 85' lang='lat'>,</span> <span class='ocrx_word' id='word_1_28' title='bbox 709 596 782 620; x_wconf 87' lang='lat' dir='ltr'><strong>nec</strong></span> <span class='ocrx_word' id='word_1_29' title='bbox 799 583 1022 629; x_wconf 78' lang='lat' dir='ltr'><strong>minutatim</strong></span> <span class='ocrx_word' id='word_1_30' title='bbox 1040 585 1134 622; x_wconf 85' lang='lat' dir='ltr'><strong>dari.</strong></span> 
     </span>
     <span class='ocr_line' id='line_1_6' title="bbox 788 648 1073 690; baseline 0.011 -7"><span class='ocrx_word' id='word_1_31' title='bbox 788 686 792 690; x_wconf 61' lang='grc'><strong>,</strong></span> <span class='ocrx_word' id='word_1_32' title='bbox 808 648 838 683; x_wconf 94' lang='lat' dir='ltr'>C</span> <span class='ocrx_word' id='word_1_33' title='bbox 850 649 883 684; x_wconf 94' lang='lat' dir='ltr'>L</span> <span class='ocrx_word' id='word_1_34' title='bbox 893 650 934 686; x_wconf 88' lang='lat' dir='ltr'>X</span> <span class='ocrx_word' id='word_1_35' title='bbox 945 649 984 685; x_wconf 88' lang='lat' dir='ltr'>X</span> <span class='ocrx_word' id='word_1_36' title='bbox 996 650 1016 686; x_wconf 93' lang='lat'>1</span> <span class='ocrx_word' id='word_1_37' title='bbox 1024 650 1073 686; x_wconf 86' lang='lat' dir='ltr'><strong>V.</strong></span> 
     </span>
     <span class='ocr_line' id='line_1_7' title="bbox 319 709 1295 764; baseline 0.004 -16"><span class='ocrx_word' id='word_1_38' title='bbox 319 711 501 749; x_wconf 80' lang='lat' dir='ltr'><strong>Priverno</strong></span> <span class='ocrx_word' id='word_1_39' title='bbox 519 709 732 747; x_wconf 87' lang='lat' dir='ltr'><strong>Oufentina</strong></span> <span class='ocrx_word' id='word_1_40' title='bbox 746 711 873 758; x_wconf 89' lang='lat' dir='ltr'><strong>venit,</strong></span> <span class='ocrx_word' id='word_1_41' title='bbox 894 712 1093 764; x_wconf 85' lang='lat' dir='ltr'><strong>fluvioque</strong></span> <span class='ocrx_word' id='word_1_42' title='bbox 1111 713 1295 752; x_wconf 86' lang='lat' dir='ltr'><strong>Oufente.</strong></span> 
     </span>
     <span class='ocr_line' id='line_1_8' title="bbox 829 777 1063 815; baseline 0.009 -3"><span class='ocrx_word' id='word_1_43' title='bbox 829 777 858 812; x_wconf 95' lang='lat' dir='ltr'>C</span> <span class='ocrx_word' id='word_1_44' title='bbox 871 778 902 813; x_wconf 94' lang='lat' dir='ltr'>L</span> <span class='ocrx_word' id='word_1_45' title='bbox 915 779 955 814; x_wconf 87' lang='lat' dir='ltr'>X</span> <span class='ocrx_word' id='word_1_46' title='bbox 967 778 1006 814; x_wconf 90' lang='lat' dir='ltr'>X</span> <span class='ocrx_word' id='word_1_47' title='bbox 1014 780 1063 815; x_wconf 91' lang='lat' dir='ltr'><strong>V.</strong></span> 
     </span>
     <span class='ocr_line' id='line_1_9' title="bbox 320 839 1202 891; baseline 0.006 -15"><span class='ocrx_word' id='word_1_48' title='bbox 320 839 468 877; x_wconf 84' lang='lat' dir='ltr'><strong>Graecia</strong></span> <span class='ocrx_word' id='word_1_49' title='bbox 489 839 665 891; x_wconf 89' lang='lat' dir='ltr'><strong>Sulpicio</strong></span> <span class='ocrx_word' id='word_1_50' title='bbox 684 840 776 878; x_wconf 90' lang='lat' dir='ltr'><strong>sorti</strong></span> <span class='ocrx_word' id='word_1_51' title='bbox 796 841 904 886; x_wconf 85' lang='lat' dir='ltr'><strong>data,</strong></span> <span class='ocrx_word' id='word_1_52' title='bbox 922 841 1048 879; x_wconf 82' lang='lat' dir='ltr'><strong>Gallia</strong></span> <span class='ocrx_word' id='word_1_53' title='bbox 1067 844 1202 881; x_wconf 85' lang='lat' dir='ltr'><strong>eottae.</strong></span> 
     </span>
     <span class='ocr_line' id='line_1_10' title="bbox 748 896 1074 943; baseline 0.003 -1"><span class='ocrx_word' id='word_1_54' title='bbox 748 896 1074 943; x_wconf 70' lang='lat' dir='ltr'>&#39;CLxva</span> 
     </span>
     <span class='ocr_line' id='line_1_11' title="bbox 316 969 1262 1024; baseline 0.002 -16"><span class='ocrx_word' id='word_1_55' title='bbox 316 971 537 1008; x_wconf 83' lang='lat' dir='ltr'><strong>Ructantut</strong></span> <span class='ocrx_word' id='word_1_56' title='bbox 548 969 711 1019; x_wconf 86' lang='lat' dir='ltr'><strong>juvenes</strong></span> <span class='ocrx_word' id='word_1_57' title='bbox 723 998 733 1017; x_wconf 86' lang='lat'>‚</span> <span class='ocrx_word' id='word_1_58' title='bbox 754 978 793 1007; x_wconf 87' lang='lat' dir='ltr'><strong>et</strong></span> <span class='ocrx_word' id='word_1_59' title='bbox 813 971 1086 1024; x_wconf 30' lang='lat' dir='ltr'><strong>sputis-omnia</strong></span> <span class='ocrx_word' id='word_1_60' title='bbox 1104 970 1262 1010; x_wconf 82' lang='lat' dir='ltr'><strong>foedant.</strong></span> 
     </span>
     <span class='ocr_line' id='line_1_12' title="bbox 786 1035 1088 1073; baseline 0.003 -2"><span class='ocrx_word' id='word_1_61' title='bbox 786 1035 817 1071; x_wconf 92' lang='lat' dir='ltr'>C</span> <span class='ocrx_word' id='word_1_62' title='bbox 833 1037 864 1072; x_wconf 97' lang='lat' dir='ltr'>L</span> <span class='ocrx_word' id='word_1_63' title='bbox 879 1038 919 1073; x_wconf 89' lang='lat' dir='ltr'><strong>X</strong></span> <span class='ocrx_word' id='word_1_64' title='bbox 933 1037 972 1073; x_wconf 90' lang='lat' dir='ltr'>X</span> <span class='ocrx_word' id='word_1_65' title='bbox 982 1038 1016 1073; x_wconf 92' lang='lat' dir='ltr'><strong>V</strong></span> <span class='ocrx_word' id='word_1_66' title='bbox 1025 1037 1044 1072; x_wconf 93' lang='grc' dir='ltr'>Ι</span> <span class='ocrx_word' id='word_1_67' title='bbox 1056 1037 1088 1072; x_wconf 91' lang='lat'><strong>1.</strong></span> 
     </span>
     <span class='ocr_line' id='line_1_13' title="bbox 323 1099 1328 1151; baseline 0.001 -13"><span class='ocrx_word' id='word_1_68' title='bbox 323 1127 653 1138; x_wconf 91' lang='grc'><strong>.............</strong></span> <span class='ocrx_word' id='word_1_69' title='bbox 676 1100 754 1137; x_wconf 90' lang='lat' dir='ltr'><strong>Ore</strong></span> <span class='ocrx_word' id='word_1_70' title='bbox 775 1099 895 1138; x_wconf 87' lang='lat' dir='ltr'><strong>salem</strong></span> <span class='ocrx_word' id='word_1_71' title='bbox 915 1099 1122 1151; x_wconf 73' lang='lat' dir='ltr'><strong>exspiravit</strong></span> <span class='ocrx_word' id='word_1_72' title='bbox 1139 1114 1328 1139; x_wconf 88' lang='lat' dir='ltr'><strong>amarum.</strong></span> 
     </span>
     <span class='ocr_line' id='line_1_14' title="bbox 772 1165 1096 1202; baseline 0.003 -1"><span class='ocrx_word' id='word_1_73' title='bbox 772 1165 802 1201; x_wconf 90' lang='lat' dir='ltr'>G</span> <span class='ocrx_word' id='word_1_74' title='bbox 813 1166 845 1201; x_wconf 91' lang='lat' dir='ltr'>L</span> <span class='ocrx_word' id='word_1_75' title='bbox 858 1166 896 1201; x_wconf 88' lang='lat' dir='ltr'>X</span> <span class='ocrx_word' id='word_1_76' title='bbox 909 1165 948 1202; x_wconf 91' lang='lat' dir='ltr'>X</span> <span class='ocrx_word' id='word_1_77' title='bbox 958 1166 993 1202; x_wconf 89' lang='lat' dir='ltr'><strong>V</strong></span> <span class='ocrx_word' id='word_1_78' title='bbox 1003 1166 1022 1201; x_wconf 94' lang='lat' dir='ltr'>I</span> <span class='ocrx_word' id='word_1_79' title='bbox 1036 1167 1054 1202; x_wconf 96' lang='lat' dir='ltr'>I</span> <span class='ocrx_word' id='word_1_80' title='bbox 1066 1167 1096 1202; x_wconf 93' lang='grc' dir='ltr'><strong>Ι.</strong></span> 
     </span>
    </p>
   </div>
   <div class='ocr_carea' id='block_1_3' title="bbox 323 1229 1356 1331">
    <p class='ocr_par' dir='ltr' id='par_1_3' title="bbox 323 1229 1356 1331">
     <span class='ocr_line' id='line_1_15' title="bbox 323 1229 1356 1282; baseline 0.002 -16"><span class='ocrx_word' id='word_1_81' title='bbox 323 1256 731 1266; x_wconf 86' lang='grc'><strong>................</strong></span> <span class='ocrx_word' id='word_1_82' title='bbox 748 1249 757 1258; x_wconf 82' lang='grc'><em>·</em></span> <span class='ocrx_word' id='word_1_83' title='bbox 775 1258 784 1266; x_wconf 94' lang='grc'><strong>.</strong></span> <span class='ocrx_word' id='word_1_84' title='bbox 801 1257 810 1266; x_wconf 92' lang='grc'><strong>.</strong></span> <span class='ocrx_word' id='word_1_85' title='bbox 829 1258 836 1265; x_wconf 95' lang='grc'><strong>.</strong></span> <span class='ocrx_word' id='word_1_86' title='bbox 855 1258 863 1265; x_wconf 95' lang='grc'><strong>.</strong></span> <span class='ocrx_word' id='word_1_87' title='bbox 882 1258 890 1266; x_wconf 95' lang='grc'><strong>.</strong></span> <span class='ocrx_word' id='word_1_88' title='bbox 911 1231 1148 1280; x_wconf 87' lang='lat' dir='ltr'><strong>Quanquam</strong></span> <span class='ocrx_word' id='word_1_89' title='bbox 1166 1229 1241 1267; x_wconf 85' lang='lat' dir='ltr'><strong>fuit</strong></span> <span class='ocrx_word' id='word_1_90' title='bbox 1259 1229 1356 1282; x_wconf 81' lang='lat' dir='ltr'><strong>ipse.</strong></span> 
     </span>
     <span class='ocr_line' id='line_1_16' title="bbox 747 1295 1070 1331; baseline 0.003 -1"><span class='ocrx_word' id='word_1_91' title='bbox 747 1308 749 1311; x_wconf 91' lang='lat'>·</span> <span class='ocrx_word' id='word_1_92' title='bbox 800 1295 830 1330; x_wconf 92' lang='lat' dir='ltr'>C</span> <span class='ocrx_word' id='word_1_93' title='bbox 842 1295 873 1330; x_wconf 94' lang='lat' dir='ltr'>L</span> <span class='ocrx_word' id='word_1_94' title='bbox 886 1296 926 1331; x_wconf 86' lang='lat' dir='ltr'><strong>X</strong></span> <span class='ocrx_word' id='word_1_95' title='bbox 936 1296 977 1331; x_wconf 91' lang='lat' dir='ltr'>X</span> <span class='ocrx_word' id='word_1_96' title='bbox 989 1296 1008 1331; x_wconf 97' lang='lat' dir='ltr'>I</span> <span class='ocrx_word' id='word_1_97' title='bbox 1019 1295 1070 1331; x_wconf 89' lang='lat' dir='ltr'><strong>X.</strong></span> 
     </span>
    </p>
   </div>
   <div class='ocr_carea' id='block_1_4' title="bbox 320 1358 1365 1410">
    <p class='ocr_par' dir='ltr' id='par_1_4' title="bbox 320 1358 1365 1410">
     <span class='ocr_line' id='line_1_17' title="bbox 320 1358 1365 1410; baseline 0.003 -16"><span class='ocrx_word' id='word_1_98' title='bbox 320 1385 942 1395; x_wconf 86' lang='grc'><strong>........................</strong></span> <span class='ocrx_word' id='word_1_99' title='bbox 1237 1358 1365 1410; x_wconf 89' lang='lat' dir='ltr'><strong>Clopo</strong></span> 
     </span>
    </p>
   </div>
   <div class='ocr_carea' id='block_1_5' title="bbox 313 1421 1059 1513">
    <p class='ocr_par' dir='ltr' id='par_1_5' title="bbox 313 1421 1059 1513">
     <span class='ocr_line' id='line_1_18' title="bbox 313 1421 707 1462; baseline -0.008 0"><span class='ocrx_word' id='word_1_100' title='bbox 313 1421 497 1462; x_wconf 80' lang='lat' dir='ltr'><strong>subsidio</strong></span> <span class='ocrx_word' id='word_1_101' title='bbox 518 1431 707 1459; x_wconf 87' lang='lat' dir='ltr'><strong>occurrat.</strong></span> 
     </span>
     <span class='ocr_line' id='line_1_19' title="bbox 817 1477 1059 1513; baseline 0 -1"><span class='ocrx_word' id='word_1_102' title='bbox 817 1477 846 1512; x_wconf 95' lang='lat' dir='ltr'>C</span> <span class='ocrx_word' id='word_1_103' title='bbox 864 1477 890 1511; x_wconf 83' lang='lat' dir='ltr'>L</span> <span class='ocrx_word' id='word_1_104' title='bbox 903 1477 942 1512; x_wconf 92' lang='lat' dir='ltr'>X</span> <span class='ocrx_word' id='word_1_105' title='bbox 954 1478 994 1513; x_wconf 92' lang='lat' dir='ltr'>X</span> <span class='ocrx_word' id='word_1_106' title='bbox 1007 1477 1059 1512; x_wconf 91' lang='lat' dir='ltr'>X.</span> 
     </span>
    </p>
   </div>
   <div class='ocr_carea' id='block_1_6' title="bbox 320 1538 1349 1577">
    <p class='ocr_par' dir='ltr' id='par_1_6' title="bbox 320 1538 1349 1577">
     <span class='ocr_line' id='line_1_20' title="bbox 320 1538 1349 1577; baseline -0.001 0"><span class='ocrx_word' id='word_1_107' title='bbox 320 1566 807 1577; x_wconf 83' lang='grc'><strong>...................</strong></span> <span class='ocrx_word' id='word_1_108' title='bbox 833 1541 901 1576; x_wconf 83' lang='lat' dir='ltr'><strong>Nae</strong></span> <span class='ocrx_word' id='word_1_109' title='bbox 924 1539 1088 1577; x_wconf 87' lang='lat' dir='ltr'><strong>ridicule</strong></span> <span class='ocrx_word' id='word_1_110' title='bbox 1107 1538 1203 1576; x_wconf 86' lang='lat' dir='ltr'><strong>mihi</strong></span> <span class='ocrx_word' id='word_1_111' title='bbox 1222 1539 1349 1577; x_wconf 81' lang='lat' dir='ltr'><strong>cillus.</strong></span> 
     </span>
    </p>
   </div>
   <div class='ocr_carea' id='block_1_7' title="bbox 810 1672 1063 1684">
    <p class='ocr_par' dir='ltr' id='par_1_7' title="bbox 810 1672 1063 1684">
     <span class='ocr_line' id='line_1_21' title="bbox 810 1672 1063 1684; baseline 0 0"><span class='ocrx_word' id='word_1_112' title='bbox 810 1672 1063 1684; x_wconf 65' lang='lat' dir='ltr'><strong>mm</strong></span> 
     </span>
    </p>
   </div>
   <div class='ocr_carea' id='block_1_8' title="bbox 487 1761 1386 1807">
    <p class='ocr_par' dir='ltr' id='par_1_8' title="bbox 487 1761 1386 1807">
     <span class='ocr_line' id='line_1_22' title="bbox 487 1761 1386 1807; baseline -0.001 -1"><span class='ocrx_word' id='word_1_113' title='bbox 487 1763 583 1807; x_wconf 87' lang='lat' dir='ltr'><strong>EX</strong></span> <span class='ocrx_word' id='word_1_114' title='bbox 618 1761 840 1806; x_wconf 86' lang='lat' dir='ltr'>LIBRO</span> <span class='ocrx_word' id='word_1_115' title='bbox 877 1761 900 1805; x_wconf 94' lang='lat' dir='ltr'>I</span> <span class='ocrx_word' id='word_1_116' title='bbox 942 1761 1386 1807; x_wconf 84' lang='lat' dir='ltr'>SATIRARUM.</span> 
     </span>
    </p>
   </div>
   <div class='ocr_carea' id='block_1_9' title="bbox 312 1876 1321 1930">
    <p class='ocr_par' dir='ltr' id='par_1_9' title="bbox 312 1876 1321 1930">
     <span class='ocr_line' id='line_1_23' title="bbox 312 1876 1321 1930; baseline -0.002 -13"><span class='ocrx_word' id='word_1_117' title='bbox 312 1880 514 1917; x_wconf 69' lang='lat' dir='ltr'><strong>Snvxus</strong></span> <span class='ocrx_word' id='word_1_118' title='bbox 534 1879 576 1916; x_wconf 84' lang='lat' dir='ltr'><strong>in</strong></span> <span class='ocrx_word' id='word_1_119' title='bbox 595 1880 635 1916; x_wconf 89' lang='lat' dir='ltr'>X</span> <span class='ocrx_word' id='word_1_120' title='bbox 652 1881 750 1916; x_wconf 85' lang='lat' dir='ltr'><strong>Aen.</strong></span> <span class='ocrx_word' id='word_1_121' title='bbox 770 1878 948 1930; x_wconf 76' lang='lat' dir='ltr'><strong>Virgilii,</strong></span> <span class='ocrx_word' id='word_1_122' title='bbox 967 1877 1018 1916; x_wconf 90' lang='lat' dir='ltr'><strong>ad</strong></span> <span class='ocrx_word' id='word_1_123' title='bbox 1033 1877 1147 1916; x_wconf 89' lang='lat' dir='ltr'><strong>illum</strong></span> <span class='ocrx_word' id='word_1_124' title='bbox 1164 1876 1321 1916; x_wconf 86' lang='lat' dir='ltr'><strong>locum:</strong></span> 
     </span>
    </p>
   </div>
   <div class='ocr_carea' id='block_1_10' title="bbox 495 1943 1416 1987">
    <p class='ocr_par' dir='ltr' id='par_1_10' title="bbox 495 1943 1416 1987">
     <span class='ocr_line' id='line_1_24' title="bbox 495 1943 1416 1987; baseline 0.001 -13"><span class='ocrx_word' id='word_1_125' title='bbox 495 1944 648 1986; x_wconf 84' lang='lat' dir='ltr'><strong>Accipite</strong></span> <span class='ocrx_word' id='word_1_126' title='bbox 667 1949 745 1987; x_wconf 75' lang='lat' dir='ltr'><strong>er&#39;go</strong></span> <span class='ocrx_word' id='word_1_127' title='bbox 763 1945 899 1983; x_wconf 88' lang='lat' dir='ltr'><strong>animis,</strong></span> <span class='ocrx_word' id='word_1_128' title='bbox 914 1951 1013 1987; x_wconf 81' lang='lat' dir='ltr'><strong>atque</strong></span> <span class='ocrx_word' id='word_1_129' title='bbox 1029 1944 1101 1976; x_wconf 83' lang='lat' dir='ltr'><strong>haec</strong></span> <span class='ocrx_word' id='word_1_130' title='bbox 1120 1955 1192 1975; x_wconf 86' lang='lat' dir='ltr'><strong>mea</strong></span> <span class='ocrx_word' id='word_1_131' title='bbox 1209 1943 1302 1986; x_wconf 81' lang='lat' dir='ltr'><strong>figite</strong></span> <span class='ocrx_word' id='word_1_132' title='bbox 1319 1943 1416 1975; x_wconf 82' lang='lat' dir='ltr'><strong>dicta.</strong></span> 
     </span>
    </p>
   </div>
   <div class='ocr_carea' id='block_1_11' title="bbox 261 1995 1617 2050">
    <p class='ocr_par' dir='ltr' id='par_1_11' title="bbox 261 1995 1617 2050">
     <span class='ocr_line' id='line_1_25' title="bbox 261 1995 1617 2050; baseline 0 -12"><span class='ocrx_word' id='word_1_133' title='bbox 261 2004 415 2041; x_wconf 71' lang='lat' dir='ltr'><strong>«Totus</strong></span> <span class='ocrx_word' id='word_1_134' title='bbox 441 2001 506 2038; x_wconf 91' lang='lat' dir='ltr'><strong>hic</strong></span> <span class='ocrx_word' id='word_1_135' title='bbox 533 2001 645 2038; x_wconf 90' lang='lat' dir='ltr'><strong>locus</strong></span> <span class='ocrx_word' id='word_1_136' title='bbox 675 2001 724 2039; x_wconf 88' lang='lat' dir='ltr'><strong>de</strong></span> <span class='ocrx_word' id='word_1_137' title='bbox 753 2002 884 2040; x_wconf 89' lang='lat' dir='ltr'><strong>Primo</strong></span> <span class='ocrx_word' id='word_1_138' title='bbox 911 2001 1054 2039; x_wconf 88' lang='lat' dir='ltr'><strong>Lucilii</strong></span> <span class='ocrx_word' id='word_1_139' title='bbox 1077 1995 1285 2039; x_wconf 66' lang='lat' dir='ltr'><strong>translatus</strong></span> <span class='ocrx_word' id='word_1_140' title='bbox 1302 2009 1382 2048; x_wconf 89' lang='lat' dir='ltr'><strong>est,</strong></span> <span class='ocrx_word' id='word_1_141' title='bbox 1404 2000 1475 2039; x_wconf 90' lang='lat' dir='ltr'><strong>ubi</strong></span> <span class='ocrx_word' id='word_1_142' title='bbox 1497 1999 1617 2050; x_wconf 65' lang='lat' dir='ltr'><strong>indu-</strong></span> 
     </span>
    </p>
   </div>
   <div class='ocr_carea' id='block_1_12' title="bbox 310 2122 1620 2168">
    <p class='ocr_par' dir='ltr' id='par_1_12' title="bbox 310 2122 1620 2168">
     <span class='ocr_line' id='line_1_26' title="bbox 310 2122 1620 2168; baseline -0.001 -11"><span class='ocrx_word' id='word_1_143' title='bbox 310 2138 324 2157; x_wconf 83' lang='lat'>1</span> <span class='ocrx_word' id='word_1_144' title='bbox 333 2137 387 2166; x_wconf 77' lang='lat'><strong>72.</strong></span> <span class='ocrx_word' id='word_1_145' title='bbox 405 2127 512 2156; x_wconf 81' lang='lat' dir='ltr'><strong>Varro</strong></span> <span class='ocrx_word' id='word_1_146' title='bbox 523 2147 533 2163; x_wconf 91' lang='lat'><strong><em>,</em></strong></span> <span class='ocrx_word' id='word_1_147' title='bbox 547 2124 607 2155; x_wconf 89' lang='lat' dir='ltr'><strong>lib.</strong></span> <span class='ocrx_word' id='word_1_148' title='bbox 625 2126 684 2162; x_wconf 90' lang='lat' dir='ltr'><strong>IV,</strong></span> <span class='ocrx_word' id='word_1_149' title='bbox 708 2124 749 2156; x_wconf 88' lang='lat' dir='ltr'><strong>de</strong></span> <span class='ocrx_word' id='word_1_150' title='bbox 774 2127 808 2156; x_wconf 91' lang='lat' dir='ltr'><strong>L.</strong></span> <span class='ocrx_word' id='word_1_151' title='bbox 833 2127 906 2157; x_wconf 81' lang='lat' dir='ltr'><strong>Lat.</strong></span> <span class='ocrx_word' id='word_1_152' title='bbox 1013 2137 1027 2155; x_wconf 91' lang='lat'>1</span> <span class='ocrx_word' id='word_1_153' title='bbox 1036 2125 1090 2165; x_wconf 85' lang='grc'><strong>75.</strong></span> <span class='ocrx_word' id='word_1_154' title='bbox 1100 2124 1366 2168; x_wconf 62' lang='lat' dir='ltr'><strong>Isidorus‚,0rig.</strong></span> <span class='ocrx_word' id='word_1_155' title='bbox 1374 2125 1432 2156; x_wconf 87' lang='lat' dir='ltr'><strong>lib.</strong></span> <span class='ocrx_word' id='word_1_156' title='bbox 1441 2126 1468 2164; x_wconf 92' lang='lat'><strong>1,</strong></span> <span class='ocrx_word' id='word_1_157' title='bbox 1476 2136 1546 2167; x_wconf 77' lang='lat' dir='ltr'><strong>cap.</strong></span> <span class='ocrx_word' id='word_1_158' title='bbox 1558 2122 1620 2156; x_wconf 71' lang='grc'><strong>35.</strong></span> 
     </span>
    </p>
   </div>
   <div class='ocr_carea' id='block_1_13' title="bbox 258 2178 1615 2484">
    <p class='ocr_par' dir='ltr' id='par_1_13' title="bbox 258 2178 1615 2484">
     <span class='ocr_line' id='line_1_27' title="bbox 258 2178 1615 2221; baseline -0.002 -10"><span class='ocrx_word' id='word_1_159' title='bbox 258 2182 380 2212; x_wconf 83' lang='lat' dir='ltr'><strong>Utrum</strong></span> <span class='ocrx_word' id='word_1_160' title='bbox 397 2179 546 2221; x_wconf 85' lang='lat' dir='ltr'><strong>primum</strong></span> <span class='ocrx_word' id='word_1_161' title='bbox 571 2190 639 2210; x_wconf 84' lang='lat' dir='ltr'><strong>una</strong></span> <span class='ocrx_word' id='word_1_162' title='bbox 657 2178 768 2216; x_wconf 82' lang='lat' dir='ltr'><strong>canis,</strong></span> <span class='ocrx_word' id='word_1_163' title='bbox 786 2190 831 2210; x_wconf 82' lang='lat' dir='ltr'><strong>an</strong></span> <span class='ocrx_word' id='word_1_164' title='bbox 851 2189 904 2210; x_wconf 81' lang='lat' dir='ltr'><strong>ca·</strong></span> <span class='ocrx_word' id='word_1_165' title='bbox 1012 2178 1088 2217; x_wconf 88' lang='grc' dir='ltr'><strong>ι76.</strong></span> <span class='ocrx_word' id='word_1_166' title='bbox 1109 2178 1220 2209; x_wconf 84' lang='lat' dir='ltr'><strong>Nicol.</strong></span> <span class='ocrx_word' id='word_1_167' title='bbox 1243 2180 1399 2209; x_wconf 80' lang='lat' dir='ltr'><strong>Perottus</strong></span> <span class='ocrx_word' id='word_1_168' title='bbox 1417 2179 1456 2209; x_wconf 82' lang='lat' dir='ltr'><strong>in</strong></span> <span class='ocrx_word' id='word_1_169' title='bbox 1475 2178 1615 2210; x_wconf 72' lang='lat' dir='ltr'><strong>Martia-</strong></span> 
     </span>
     <span class='ocr_line' id='line_1_28' title="bbox 258 2231 1595 2275; baseline -0.002 -11"><span class='ocrx_word' id='word_1_170' title='bbox 258 2245 317 2265; x_wconf 83' lang='lat' dir='ltr'><strong>nes</strong></span> <span class='ocrx_word' id='word_1_171' title='bbox 335 2233 377 2263; x_wconf 90' lang='lat' dir='ltr'><strong>sit</strong></span> <span class='ocrx_word' id='word_1_172' title='bbox 393 2231 567 2275; x_wconf 79' lang='lat' dir='ltr'><strong>appellata.</strong></span> <span class='ocrx_word' id='word_1_173' title='bbox 960 2231 1044 2269; x_wconf 85' lang='lat' dir='ltr'><strong>lem,</strong></span> <span class='ocrx_word' id='word_1_174' title='bbox 1059 2231 1099 2261; x_wconf 88' lang='lat' dir='ltr'><strong>ad</strong></span> <span class='ocrx_word' id='word_1_175' title='bbox 1120 2231 1224 2273; x_wconf 79' lang='lat' dir='ltr'><strong>epigr.</strong></span> <span class='ocrx_word' id='word_1_176' title='bbox 1243 2242 1257 2261; x_wconf 91' lang='lat'>1</span> <span class='ocrx_word' id='word_1_177' title='bbox 1267 2231 1330 2262; x_wconf 86' lang='lat'><strong>16</strong></span> <span class='ocrx_word' id='word_1_178' title='bbox 1320 2242 1359 2262; x_wconf 89' lang='grc' dir='ltr'><strong>ιιι</strong></span> <span class='ocrx_word' id='word_1_179' title='bbox 1370 2231 1595 2262; x_wconf 68' lang='lat' dir='ltr'><strong>Fescenniam</strong></span> 
     </span>
     <span class='ocr_line' id='line_1_29' title="bbox 310 2280 1612 2326; baseline -0.003 -10"><span class='ocrx_word' id='word_1_180' title='bbox 310 2286 386 2326; x_wconf 83' lang='lat'><strong>173.</strong></span> <span class='ocrx_word' id='word_1_181' title='bbox 403 2284 554 2316; x_wconf 76' lang='lat' dir='ltr'><strong>Nonius:</strong></span> <span class='ocrx_word' id='word_1_182' title='bbox 572 2283 743 2315; x_wconf 77' lang='lat' dir='ltr'><strong>Frustaeim</strong></span> <span class='ocrx_word' id='word_1_183' title='bbox 766 2289 800 2314; x_wconf 85' lang='lat' dir='ltr'><strong>et</strong></span> <span class='ocrx_word' id='word_1_184' title='bbox 813 2280 907 2326; x_wconf 80' lang='lat' dir='ltr'><strong>frus·</strong></span> <span class='ocrx_word' id='word_1_185' title='bbox 1012 2294 1089 2323; x_wconf 90' lang='lat'><strong>177·</strong></span> <span class='ocrx_word' id='word_1_186' title='bbox 1108 2284 1245 2314; x_wconf 83' lang='lat' dir='ltr'><strong>Hieron.</strong></span> <span class='ocrx_word' id='word_1_187' title='bbox 1263 2283 1428 2325; x_wconf 77' lang='lat' dir='ltr'><strong>Columna</strong></span> <span class='ocrx_word' id='word_1_188' title='bbox 1451 2282 1489 2313; x_wconf 85' lang='lat' dir='ltr'><strong>in</strong></span> <span class='ocrx_word' id='word_1_189' title='bbox 1506 2282 1612 2325; x_wconf 83' lang='lat' dir='ltr'><strong>expli-</strong></span> 
     </span>
     <span class='ocr_line' id='line_1_30' title="bbox 259 2331 1553 2380; baseline -0.002 -9"><span class='ocrx_word' id='word_1_190' title='bbox 259 2338 390 2372; x_wconf 67' lang='lat' dir='ltr'><strong>tillaeim</strong></span> <span class='ocrx_word' id='word_1_191' title='bbox 398 2361 409 2376; x_wconf 95' lang='lat'>‚</span> <span class='ocrx_word' id='word_1_192' title='bbox 422 2348 484 2380; x_wconf 85' lang='lat' dir='ltr'><strong>per</strong></span> <span class='ocrx_word' id='word_1_193' title='bbox 497 2336 621 2376; x_wconf 79' lang='lat' dir='ltr'><strong>frusta,</strong></span> <span class='ocrx_word' id='word_1_194' title='bbox 637 2344 676 2368; x_wconf 85' lang='lat' dir='ltr'><strong>ut</strong></span> <span class='ocrx_word' id='word_1_195' title='bbox 694 2336 887 2368; x_wconf 76' lang='lat' dir='ltr'><strong>minutatim.</strong></span> <span class='ocrx_word' id='word_1_196' title='bbox 964 2336 1152 2368; x_wconf 77' lang='lat' dir='ltr'><strong>cationibus</strong></span> <span class='ocrx_word' id='word_1_197' title='bbox 1166 2336 1427 2378; x_wconf 83' lang='lat' dir='ltr'><strong>fragmentorum</strong></span> <span class='ocrx_word' id='word_1_198' title='bbox 1438 2331 1553 2368; x_wconf 79' lang='lat' dir='ltr'><strong>Ennii.</strong></span> 
     </span>
     <span class='ocr_line' id='line_1_31' title="bbox 311 2388 1612 2432; baseline -0.003 -9"><span class='ocrx_word' id='word_1_199' title='bbox 311 2397 392 2432; x_wconf 79' lang='lat'>174·</span> <span class='ocrx_word' id='word_1_200' title='bbox 416 2394 531 2431; x_wconf 79' lang='lat' dir='ltr'><strong>Festus</strong></span> <span class='ocrx_word' id='word_1_201' title='bbox 545 2402 552 2422; x_wconf 94' lang='lat'><strong>:</strong></span> <span class='ocrx_word' id='word_1_202' title='bbox 578 2389 764 2432; x_wconf 66' lang='lat' dir='ltr'><strong>Oufentina·</strong></span> <span class='ocrx_word' id='word_1_203' title='bbox 790 2389 910 2427; x_wconf 80' lang='lat' dir='ltr'><strong>tribus,</strong></span> <span class='ocrx_word' id='word_1_204' title='bbox 1015 2390 1094 2429; x_wconf 88' lang='lat'><strong>178.</strong></span> <span class='ocrx_word' id='word_1_205' title='bbox 1110 2389 1178 2421; x_wconf 85' lang='lat' dir='ltr'><strong>Cic.</strong></span> <span class='ocrx_word' id='word_1_206' title='bbox 1191 2389 1233 2419; x_wconf 86' lang='lat' dir='ltr'><strong>ad</strong></span> <span class='ocrx_word' id='word_1_207' title='bbox 1247 2389 1348 2420; x_wconf 82' lang='lat' dir='ltr'><strong>Attic.</strong></span> <span class='ocrx_word' id='word_1_208' title='bbox 1363 2388 1424 2420; x_wconf 87' lang='lat' dir='ltr'><strong>lib.</strong></span> <span class='ocrx_word' id='word_1_209' title='bbox 1438 2390 1563 2430; x_wconf 82' lang='lat' dir='ltr'><strong>1v‚ep.</strong></span> <span class='ocrx_word' id='word_1_210' title='bbox 1579 2399 1612 2428; x_wconf 89' lang='grc'><strong>7.</strong></span> 
     </span>
     <span class='ocr_line' id='line_1_32' title="bbox 260 2441 1612 2484; baseline -0.004 -7"><span class='ocrx_word' id='word_1_211' title='bbox 260 2446 360 2477; x_wconf 81' lang='lat' dir='ltr'><strong>initio</strong></span> <span class='ocrx_word' id='word_1_212' title='bbox 391 2455 489 2476; x_wconf 79' lang='lat' dir='ltr'><strong>causa</strong></span> <span class='ocrx_word' id='word_1_213' title='bbox 515 2444 581 2480; x_wconf 76' lang='lat' dir='ltr'><strong>fuit</strong></span> <span class='ocrx_word' id='word_1_214' title='bbox 609 2448 743 2476; x_wconf 81' lang='lat' dir='ltr'><strong>nomen‘</strong></span> <span class='ocrx_word' id='word_1_215' title='bbox 753 2443 912 2475; x_wconf 67' lang='lat' dir='ltr'><strong>&#39;fluminis</strong></span> <span class='ocrx_word' id='word_1_216' title='bbox 1014 2453 1028 2472; x_wconf 85' lang='grc' dir='ltr'><strong>ι</strong></span> <span class='ocrx_word' id='word_1_217' title='bbox 1038 2452 1092 2482; x_wconf 80' lang='grc'><strong>79.</strong></span> <span class='ocrx_word' id='word_1_218' title='bbox 1105 2442 1220 2484; x_wconf 81' lang='lat' dir='ltr'><strong>Clopo,</strong></span> <span class='ocrx_word' id='word_1_219' title='bbox 1229 2442 1281 2472; x_wconf 81' lang='lat' dir='ltr'><strong>vel</strong></span> <span class='ocrx_word' id='word_1_220' title='bbox 1295 2442 1408 2483; x_wconf 78' lang='lat' dir='ltr'><strong>cloppe</strong></span> <span class='ocrx_word' id='word_1_221' title='bbox 1419 2452 1482 2484; x_wconf 83' lang='lat' dir='ltr'><strong>pro</strong></span> <span class='ocrx_word' id='word_1_222' title='bbox 1493 2441 1612 2483; x_wconf 81' lang='lat' dir='ltr'><strong>clippo,</strong></span> 
     </span>
    </p>
   </div>
   <div class='ocr_carea' id='block_1_14' title="bbox 262 2490 1615 2646">
    <p class='ocr_par' dir='ltr' id='par_1_14' title="bbox 262 2490 1615 2646">
     <span class='ocr_line' id='line_1_33' title="bbox 264 2490 1615 2540; baseline 0 -11"><span class='ocrx_word' id='word_1_223' title='bbox 264 2497 386 2540; x_wconf 70' lang='lat' dir='ltr'><strong>Oujens</strong></span> <span class='ocrx_word' id='word_1_224' title='bbox 396 2521 407 2534; x_wconf 88' lang='lat'><strong><em>‚</em></strong></span> <span class='ocrx_word' id='word_1_225' title='bbox 425 2496 518 2539; x_wconf 83' lang='lat' dir='ltr'><strong>quod</strong></span> <span class='ocrx_word' id='word_1_226' title='bbox 545 2504 595 2528; x_wconf 86' lang='lat' dir='ltr'><strong>est</strong></span> <span class='ocrx_word' id='word_1_227' title='bbox 618 2497 656 2529; x_wconf 84' lang='lat' dir='ltr'><strong>iu</strong></span> <span class='ocrx_word' id='word_1_228' title='bbox 679 2507 758 2540; x_wconf 84' lang='lat' dir='ltr'><strong>agro</strong></span> <span class='ocrx_word' id='word_1_229' title='bbox 781 2496 911 2528; x_wconf 82' lang='lat' dir='ltr'><strong>Priver-</strong></span> <span class='ocrx_word' id='word_1_230' title='bbox 964 2495 1055 2538; x_wconf 86' lang='lat' dir='ltr'><strong>quod</strong></span> <span class='ocrx_word' id='word_1_231' title='bbox 1064 2495 1103 2526; x_wconf 87' lang='lat' dir='ltr'><strong>in</strong></span> <span class='ocrx_word' id='word_1_232' title='bbox 1114 2495 1205 2527; x_wconf 81' lang='lat' dir='ltr'><strong>MSS.</strong></span> <span class='ocrx_word' id='word_1_233' title='bbox 1218 2494 1341 2537; x_wconf 80' lang='lat' dir='ltr'><strong>legitur</strong></span> <span class='ocrx_word' id='word_1_234' title='bbox 1353 2490 1414 2528; x_wconf 71' lang='grc' dir='ltr'><strong>διὰ</strong></span> <span class='ocrx_word' id='word_1_235' title='bbox 1426 2495 1594 2540; x_wconf 72' lang='grc' dir='ltr'>συγκοπῆς</span> <span class='ocrx_word' id='word_1_236' title='bbox 1602 2518 1615 2536; x_wconf 83' lang='grc'>,</span> 
     </span>
     <span class='ocr_line' id='line_1_34' title="bbox 262 2544 1615 2592; baseline -0.001 -11"><span class='ocrx_word' id='word_1_237' title='bbox 262 2558 337 2582; x_wconf 80' lang='lat' dir='ltr'><strong>nate</strong></span> <span class='ocrx_word' id='word_1_238' title='bbox 347 2574 357 2589; x_wconf 90' lang='lat'><strong>‚</strong></span> <span class='ocrx_word' id='word_1_239' title='bbox 370 2551 463 2582; x_wconf 83' lang='lat' dir='ltr'><strong>inter·</strong></span> <span class='ocrx_word' id='word_1_240' title='bbox 476 2550 515 2581; x_wconf 88' lang='lat' dir='ltr'><strong>in</strong></span> <span class='ocrx_word' id='word_1_241' title='bbox 531 2561 621 2582; x_wconf 80' lang='lat' dir='ltr'><strong>mare</strong></span> <span class='ocrx_word' id='word_1_242' title='bbox 639 2557 672 2582; x_wconf 84' lang='lat' dir='ltr'><strong>et</strong></span> <span class='ocrx_word' id='word_1_243' title='bbox 688 2549 910 2582; x_wconf 82' lang='lat' dir='ltr'><strong>Terracinam.</strong></span> <span class='ocrx_word' id='word_1_244' title='bbox 963 2560 1026 2592; x_wconf 85' lang='lat' dir='ltr'><strong>pro</strong></span> <span class='ocrx_word' id='word_1_245' title='bbox 1038 2544 1212 2591; x_wconf 62' lang='lat' dir='ltr'><strong>chudipus</strong></span> <span class='ocrx_word' id='word_1_246' title='bbox 1221 2571 1232 2587; x_wconf 90' lang='lat'>‚</span> <span class='ocrx_word' id='word_1_247' title='bbox 1245 2555 1285 2580; x_wconf 86' lang='lat' dir='ltr'><strong>ut</strong></span> <span class='ocrx_word' id='word_1_248' title='bbox 1297 2548 1428 2580; x_wconf 74' lang='lat' dir='ltr'><strong>clausus</strong></span> <span class='ocrx_word' id='word_1_249' title='bbox 1441 2548 1542 2591; x_wconf 85' lang='lat' dir='ltr'><strong>pede,</strong></span> <span class='ocrx_word' id='word_1_250' title='bbox 1556 2559 1615 2590; x_wconf 80' lang='lat' dir='ltr'><strong>ap-</strong></span> 
     </span>
     <span class='ocr_line' id='line_1_35' title="bbox 262 2602 1614 2646; baseline -0.002 -11"><span class='ocrx_word' id='word_1_251' title='bbox 262 2604 381 2635; x_wconf 74' lang='lat' dir='ltr'><strong>Postea</strong></span> <span class='ocrx_word' id='word_1_252' title='bbox 392 2603 512 2635; x_wconf 82' lang='lat' dir='ltr'><strong>deinde</strong></span> <span class='ocrx_word' id='word_1_253' title='bbox 522 2614 539 2634; x_wconf 85' lang='lat' dir='ltr'><strong>a</strong></span> <span class='ocrx_word' id='word_1_254' title='bbox 553 2604 752 2637; x_wconf 83' lang='lat' dir='ltr'><strong>Censoribns</strong></span> <span class='ocrx_word' id='word_1_255' title='bbox 764 2603 914 2646; x_wconf 88' lang='lat' dir='ltr'><strong>aliiquo-</strong></span> <span class='ocrx_word' id='word_1_256' title='bbox 963 2603 1106 2646; x_wconf 78' lang='lat' dir='ltr'><strong>pellatur</strong></span> <span class='ocrx_word' id='word_1_257' title='bbox 1125 2602 1277 2634; x_wconf 71' lang='lat' dir='ltr'><strong>claudus.</strong></span> <span class='ocrx_word' id='word_1_258' title='bbox 1301 2604 1397 2633; x_wconf 82' lang='lat' dir='ltr'><strong>Forte</strong></span> <span class='ocrx_word' id='word_1_259' title='bbox 1418 2612 1553 2644; x_wconf 81' lang='lat' dir='ltr'><strong>quoque</strong></span> <span class='ocrx_word' id='word_1_260' title='bbox 1571 2612 1614 2633; x_wconf 89' lang='lat' dir='ltr'><strong>ex</strong></span> 
     </span>
    </p>
   </div>
   <div class='ocr_carea' id='block_1_15' title="bbox 262 2651 1518 2753">
    <p class='ocr_par' dir='ltr' id='par_1_15' title="bbox 262 2651 1518 2753">
     <span class='ocr_line' id='line_1_36' title="bbox 263 2651 1453 2699; baseline 0.001 -13"><span class='ocrx_word' id='word_1_261' title='bbox 263 2667 328 2697; x_wconf 85' lang='lat' dir='ltr'><strong>que</strong></span> <span class='ocrx_word' id='word_1_262' title='bbox 340 2657 542 2688; x_wconf 74' lang='lat' dir='ltr'><strong>diversarum</strong></span> <span class='ocrx_word' id='word_1_263' title='bbox 553 2658 725 2691; x_wconf 82' lang='lat' dir='ltr'><strong>civitatum</strong></span> <span class='ocrx_word' id='word_1_264' title='bbox 737 2657 845 2690; x_wconf 87' lang='lat' dir='ltr'><strong>eidem</strong></span> <span class='ocrx_word' id='word_1_265' title='bbox 853 2657 913 2689; x_wconf 83' lang='lat' dir='ltr'><strong>tri·</strong></span> <span class='ocrx_word' id='word_1_266' title='bbox 965 2658 1081 2690; x_wconf 80' lang='lat' dir='ltr'><strong>Graeco</strong></span> <span class='ocrx_word' id='word_1_267' title='bbox 1091 2678 1101 2694; x_wconf 94' lang='lat'>,</span> <span class='ocrx_word' id='word_1_268' title='bbox 1117 2655 1218 2699; x_wconf 84' lang='grc' dir='ltr'>χωλὸς</span> <span class='ocrx_word' id='word_1_269' title='bbox 1236 2655 1310 2694; x_wconf 76' lang='grc' dir='ltr'>τοὺς</span> <span class='ocrx_word' id='word_1_270' title='bbox 1329 2651 1453 2693; x_wconf 66' lang='grc' dir='ltr'><strong>πόδας.</strong></span> 
     </span>
     <span class='ocr_line' id='line_1_37' title="bbox 262 2708 1518 2753; baseline 0 -13"><span class='ocrx_word' id='word_1_271' title='bbox 262 2708 324 2740; x_wconf 84' lang='lat' dir='ltr'><strong>bui</strong></span> <span class='ocrx_word' id='word_1_272' title='bbox 343 2717 420 2740; x_wconf 81' lang='lat' dir='ltr'><strong>sunt</strong></span> <span class='ocrx_word' id='word_1_273' title='bbox 438 2711 606 2753; x_wconf 81' lang='lat' dir='ltr'><strong>adscripti.</strong></span> <span class='ocrx_word' id='word_1_274' title='bbox 1017 2711 1092 2742; x_wconf 83' lang='lat'>180.</span> <span class='ocrx_word' id='word_1_275' title='bbox 1114 2709 1218 2742; x_wconf 78' lang='lat' dir='ltr'><strong>Cillus.</strong></span> <span class='ocrx_word' id='word_1_276' title='bbox 1230 2709 1322 2742; x_wconf 81' lang='lat' dir='ltr'><strong>Idem</strong></span> <span class='ocrx_word' id='word_1_277' title='bbox 1339 2720 1376 2741; x_wconf 84' lang='lat' dir='ltr'><strong>ac</strong></span> <span class='ocrx_word' id='word_1_278' title='bbox 1392 2708 1518 2743; x_wconf 82' lang='lat' dir='ltr'><strong>cilium.</strong></span> 
     </span>
    </p>
   </div>
   <div class='ocr_carea' id='block_1_16' title="bbox 1825 1197 1846 1929">
    <p class='ocr_par' dir='ltr' id='par_1_16' title="bbox 1825 1197 1846 1929">
     <span class='ocr_line' id='line_1_38' title="bbox 1825 1197 1846 1929; baseline 0 1255"><span class='ocrx_word' id='word_1_279' title='bbox 1825 1197 1846 1929; x_wconf 95' lang='lat' dir='ltr'><strong> </strong></span> 
     </span>
    </p>
   </div>
  </div>
 </body>
</html>
