1846 3184
299 239 382 282 206
641 234 992 279 SULPICIAE
1036 234 1290 279 SATIRA.

354 319 610 380 Aggredior.
635 319 842 361 Precibus
865 318 1076 361 descende
1099 318 1288 372 clientis,
1311 327 1354 360 et
1375 316 1495 361 audi.

351 398 434 440 Dic
455 397 585 451 mihi,
604 397 816 456 Calliope,
842 396 1052 455 quidnam
1075 407 1197 455 pater
1218 396 1289 438 ille
1309 396 1502 439 Deorum

353 474 553 533 Cogitat?
572 475 641 516 An
667 485 800 517 terras
825 484 868 516 et
890 474 1030 532 patria
1051 474 1202 515 saecula
1226 471 1396 514 mutat?

354 553 558 608 Quasque
573 550 694 593 dedit
709 549 931 608 quondam
944 582 956 603 ‚
972 550 1259 593 morientibus
1275 550 1404 608 eripit
1419 547 1557 591 artes?

353 629 529 684 Nosque
550 627 676 683 jubet
699 627 849 668 tacitos
862 658 874 679 ‚
894 627 1023 668 etiam
1041 627 1217 669 rationis
1235 641 1392 685 egenos
1601 627 1642 664 15

352 704 452 745 Non
472 703 616 756 aliter,
637 702 778 760 primo
799 704 928 760 quam
949 705 1048 744 ciim
1071 703 1334 744 surreximus
1358 717 1472 753 aevo,

355 778 597 822 Glandibus
613 811 624 831 ,
647 789 690 820 et
716 794 835 836 purae
857 793 1005 820 rursus
1028 779 1316 836 procumbere
1338 778 1525 836 lymphae
1545 776 1563 817 Ρ

353 857 427 897 An
445 855 631 912 reliquas
649 865 784 896 terras
803 864 1028 895 conservat
1051 854 1214 895 amicus
1226 886 1239 907 ,
1258 865 1301 896 et
1316 854 1446 895 urbes
1457 886 1469 906 ,

355 930 441 974 Sed
456 947 590 990 genus
607 931 872 984 Ausonium,
890 930 1151 988 Remulique
1168 929 1367 972 exturbat
1382 928 1610 971 alumnos?

357 1009 478 1063 Quid
492 1019 741 1067 reputemus
757 1006 902 1050 enim?
919 1007 1018 1049 Duo
1041 1018 1143 1049 sunt
1158 1007 1316 1065 quibus
1332 1006 1483 1049 extulit
1497 1007 1648 1066 ingens

357 1087 497 1127 Roma
511 1096 660 1144 caput3
678 1085 815 1127 virtus
833 1085 959 1137 belli,
976 1095 1019 1127 et
1036 1084 1244 1143 sapientia
1262 1083 1391 1142 pacis.
1606 1099 1651 1131 αι,

357 1161 441 1205 Sed
463 1163 600 1204 virtus
625 1162 792 1220 agitata'
805 1161 948 1214 domi,
967 1171 1011 1203 et
1035 1160 1263 1202 socialibus
1289 1159 1442 1213 armis,

357 1240 411 1280 In
435 1239 544 1281 freta
567 1239 766 1291 Sicaniae,
786 1248 829 1279 et
852 1237 1121 1295 Carthaginis
1146 1236 1253 1278 exiit
1274 1250 1416 1288 arces,

358 1317 607 1373 Caeteraque
632 1315 836 1373 imperia,
857 1325 899 1356 et
916 1324 1057 1355 totum
1082 1312 1212 1354 simul
1230 1311 1408 1372 abstulit
1429 1310 1592 1353 orbem.

357 1390 549 1443 Deinde,
569 1391 689 1433 velut
712 1390 849 1432 stadio
871 1390 1010 1431 victor
1034 1389 1111 1447 qui
1135 1388 1251 1430 solus
1275 1388 1435 1429 Achaeo
1608 1389 1650 1425 25

358 1467 554 1525 Languet
568 1499 579 1520 ,
604 1477 647 1509 et
673 1467 852 1508 immota
875 1481 1021 1507 secum
1040 1465 1199 1507 virtute
1222 1464 1406 1516 fatiscit3

356 1545 427 1585 Sic
450 1543 599 1585 itidem
619 1544 813 1585 Romana
831 1557 1008 1594 manus,
1029 1540 1291 1583 contendere
1310 1550 1540 1597 postquam

356 1620 554 1673 Destitit,
578 1630 621 1662 et
644 1634 796 1678 pacem
817 1618 958 1677 longis
978 1616 1164 1659 frenavit
1185 1615 1387 1667 habenis,=

358 1697 456 1755 Ipsa
479 1696 599 1738 domi
617 1696 753 1755 leges,
774 1706 816 1737 et
839 1694 968 1737 Graia
992 1691 1166 1736 inventa
1190 1702 1422 1734 retractans
1436 1723 1449 1743 ‚

357 1774 516 1815 Omnia
540 1773 755 1816 bellorum
779 1772 894 1814 terra
919 1770 1116 1828 quaesita,
1141 1769 1335 1825 marique
1608 1771 1653 1805 30

357 1850 541 1891 Praemia
561 1850 764 1902 consilio,
785 1859 828 1891 et
851 1847 974 1890 molli
1001 1847 1168 1888 ratione
1192 1845 1378 1903 regebat.

355 1925 505 1968 Stabat
522 1926 568 1966 in
587 1926 654 1966 his
667 1958 678 1978 ‚
696 1940 840 1982 neque
861 1923 978 1966 enim
994 1933 1164 1981 poterat
1184 1931 1380 1963 constare
1399 1919 1492 1961 sine
1509 1918 1611 1976 ipsis
1623 1950 1635 1971 ,

356 2002 446 2043 Aut
461 2001 619 2042 frustra
638 2001 787 2053 uxori,
806 1999 1076 2056 mendaxque
1094 1997 1311 2055 Diespiter
1328 1996 1435 2038 olim
1448 2027 1461 2048 ‚

357 2079 583 2136 Imperium
599 2074 785 2135 sz'nefine
803 2076 921 2128 dedi,
942 2074 1099 2116 dixisse
1119 2074 1355 2132 probatur.v

358 2155 489 2198 Nunc
509 2153 742 2212 igiturxqui
764 2166 829 2193 res
851 2152 1067 2192 Romanas
1091 2150 1275 2207 imperat
1297 2148 1432 2199 inter,
1610 2149 1655 2184 35

303 2284 405 2319 dum.
421 2282 590 2316 Carmina
603 2279 764 2326 Calliope
778 2278 879 2312 libris
892 2278 953 2311 he·
1057 2274 1395 2320 19.Remulique,etc.]
1411 2273 1659 2319 Vulgo‚Remi-

301 2338 397 2371 roica
419 2337 577 2370 mandat.
593 2334 772 2368 Caeterum
783 2356 794 2372 ‚
814 2340 850 2365 et
871 2340 953 2366 ante
1006 2342 1087 2372 que,
1101 2327 1199 2361 unde
1212 2327 1354 2368 malim,
1370 2327 1538 2368 Romiqw,
1554 2324 1657 2372 quod

301 2390 499 2437 Sulpiciam
511 2414 522 2430 ,
539 2389 605 2422 sub
619 2388 784 2434 Augusto
796 2411 808 2428 ‚
822 2385 953 2419 Corni-
1005 2391 1043 2417 et
1057 2382 1191 2415 Vineto
1206 2389 1329 2414 nostro
1348 2379 1542 2426 placuit.V.
1554 2380 1655 2412 sclzol.

299 2443 381 2478 ficia
398 2454 523 2478 versus
548 2441 737 2487 scripserat
748 2465 759 2483 ‚
785 2438 848 2473 sed
875 2450 951 2472 non
1055 2436 1111 2470 33.
1128 2439 1198 2468 Aut
1199 2434 1352 2478 frustra,
1368 2443 1427 2466 etc.
1444 2433 1508 2466 Est
1522 2433 1593 2466 hoc
1605 2433 1659 2466 vi-

301 2497 503 2539 Phalaecos‚
516 2498 589 2543 jam
611 2495 798 2529 Scazontas
811 2492 950 2539 Hippo·
1004 2490 1098 2525 tium
1118 2488 1299 2524 memoriae
1311 2514 1321 2531 ,
1344 2489 1523 2534 majorum
1549 2487 1657 2520 etiam

301 2551 438 2585 nactios
452 2576 463 2593 ‚
482 2558 517 2584 et
533 2549 621 2584 alios
641 2549 774 2596 lyricos
788 2572 799 2590 ‚
818 2546 950 2593 quibus
1003 2543 1166 2591 gentium
1188 2540 1426 2588 scriptoribus
1438 2565 1449 2582 ‚
1469 2553 1511 2574 eo
1536 2552 1655 2586 usque

300 2605 417 2649 prima
447 2603 605 2650 Sulpicia
636 2601 787 2649 poetriae
817 2612 950 2634 nomen
1003 2600 1190 2644 frequen5‚
1204 2602 1246 2629 ut
1262 2606 1531 2640 nonnunquam
1550 2594 1656 2628 assec-

300 2656 396 2691 inter
413 2657 558 2692 Latinos
572 2656 717 2693 meruit.
746 2657 783 2687 V.
800 2655 901 2688 schol.
1004 2660 1095 2687 tasse
1106 2648 1220 2685 videri
1236 2647 1390 2696 possint.
1414 2650 1451 2680 V.
1468 2648 1567 2681 schol.
