1846 3184
289 270 345 318 24

625 269 676 310 A.
718 268 967 312 PERSII
1006 266 1260 313 FLACCI

341 348 551 391 Scribitur
567 350 614 391 in
631 351 783 392 citreis.
804 351 1007 393 Calidum
1027 352 1108 394 scis
1130 367 1290 410 ponere
1309 365 1484 406 sumen,

338 425 428 467 Scis
450 426 654 467 comitem
678 426 949 468 horridulum
973 427 1071 468 trita
1091 427 1250 470 donare
1272 428 1464 481 lacern53

344 501 399 542 Et
415 515 586 552 verum,
604 502 747 558 inquis
759 533 771 554 ,
789 516 908 555 amo;
926 517 1075 544 verum
1096 502 1203 543 mihi
1221 502 1351 544 dicito
1370 502 1425 545 de
1441 516 1521 546 me.
1573 506 1616 543 55

346 575 433 630 Qui
450 587 549 634 pote
564 574 582 616 P
601 577 677 618 Vis
695 576 863 618 dicam?
887 576 1089 635 Nugaris,
1108 579 1206 618 cum
1224 576 1327 631 tibi,
1344 578 1483 632 calve,

342 653 518 711 Pinguis
539 652 802 710 aqualiculus
822 668 1032 711 propenso
1055 652 1305 711 sesquipede
1325 664 1471 696 exstet.

343 728 381 769 O
405 728 426 769 J
430 743 530 781 ane,
550 743 574 769 a
595 739 713 786 tergo
738 743 864 785 quem
890 728 1006 771 nulla
1029 728 1192 771 ciconia
1213 729 1374 786 pinsit3

289 872 304 885 ι
320 855 521 901 genevriers
539 854 595 888 ·du
620 862 719 888 mont
743 853 895 887 Taurus.
911 870 926 883 υ

287 911 461 942 Feuilleton
477 911 521 941 du
536 909 706 941 Publio-iste
726 909 770 940 du
792 915 811 946 4
821 908 934 952 juillet

291 975 303 993 1
314 965 389 994 808.
412 962 455 994 A.

335 1015 392 1047 53.
420 1014 486 1046 Scis
500 1026 625 1056 ponere
645 1011 790 1057 samem]
817 1012 928 1046 Laute

286 1066 420 1112 excipis
430 1066 607 1107 homines,
620 1077 776 1112 quorum
785 1065 931 1111 applau-

284 1131 344 1152 sus
371 1131 463 1152 emas
487 1126 522 1151 et
549 1118 927 1164 suffragia.-—Sumen.

285 1171 396 1204 Cibus
410 1170 688 1204 delicatissimus.
698 1171 744 1203 At
755 1169 837 1205 vide
846 1170 867 1203 J
870 1182 927 1204 uv.

286 1231 350 1256 sat.
374 1224 449 1263 XI,
472 1223 556 1265 138;
576 1223 672 1263 XII,
690 1236 725 1256 v.
751 1222 808 1268 73.

335 1277 389 1317 54.
401 1279 466 1308 Scis
474 1278 617 1308 comitem
629 1277 840 1314 horridulum,
847 1275 921 1321 eta]

284 1327 420 1362 Contra
434 1327 556 1361 Horat.
572 1327 673 1374 epist.
686 1327 750 1361 lib.
767 1329 785 1361 1
798 1341 813 1370 ‚·
826 1340 881 1372 19.

285 1393 361 1422 'Non
379 1402 437 1431 ego
448 1397 581 1422 ventosae
598 1391 698 1431 plebis
716 1391 861 1434 suffragia
872 1403 925 1422 ve-

369 1449 427 1468 nor

287 1484 436 1524 Impensis
460 1496 615 1516 coenarum
639 1492 670 1516 et
696 1486 774 1516 tritae
797 1496 925 1516 munere

367 1533 472 1564 vestis.
810 1535 845 1562 P.

337 1590 394 1625 55.
421 1594 465 1623 Et
487 1603 604 1624 verum
619 1616 631 1630 ‚
658 1593 784 1635 inquis,
808 1592 922 1638 amm]

287 1643 398 1685 Quasi
426 1656 552 1678 verum
582 1644 711 1678 sentire
742 1652 777 1678 et
808 1642 926 1678 dicere

289 1705 422 1743 queant
433 1722 443 1738 ‚
459 1709 551 1743 quos
573 1697 783 1731 muneribus
801 1709 926 1731 eorru-

288 1749 386 1796 pisti.
410 1748 517 1782 Hunc
543 1749 663 1783 locum
686 1749 839 1784 illustrat
859 1750 925 1783 Ar·

288 1803 410 1836 rianus
424 1827 434 1844 ‚
456 1802 548 1837 libro
570 1803 676 1837 tertio
692 1816 700 1835 :
723 1803 857 1849 Πρώην,
872 1803 926 1837 in·

288 1855 369 1901 quit
379 1879 390 1896 ‚
411 1856 582 1894 ἐπαινεθεὶς
599 1856 783 1902 περιήρχου,
797 1856 850 1890 καὶ
863 1858 926 1890 πᾶ-

289 1921 338 1941 σιν
354 1909 475 1953 ἔλεγες,
489 1909 520 1941 τί
538 1921 587 1942 σοι
604 1905 718 1949 ἔδοξα;
730 1910 923 1955 Θαυμαςὸς,

288 1960 372 2006 κύριε
385 1987 395 2002 ,
413 1960 470 1996 τὴν
491 1961 569 2006 ἐμήν
589 1974 640 1994 σοι
664 1962 834 2007 σωτηρίαν.
855 1967 925 2000 πῶς

289 2008 326 2045 θ’
337 2009 424 2047 εἷπον
438 2013 554 2054 {natvm
568 2014 611 2046 Τὸ
627 2015 721 2047 Ποῖον
732 2028 741 2055 ;
752 2006 844 2048 ὅπου
857 2011 926 2048 διέ-

288 2065 399 2110 γραψε.
418 2066 471 2099 τὸν
495 2066 592 2099 Πᾶνα.
612 2066 665 2100 καὶ
693 2068 753 2105 τὰς
776 2067 926 2113 Νύμφας.

289 2110 471 2163 Ῠπερφυῶς.
482 2138 528 2143 -
541 2120 657 2150 Verum
681 2119 762 2151 mihi
775 2120 872 2151 dicito
889 2121 929 2152 de

290 2182 350 2202 me.
358 2167 472 2203 Plaut.
483 2169 634 2204 Mostell.
646 2177 712 2205 act.
724 2172 743 2204 I
752 2196 764 2214 ,
778 2183 872 2205 scen.
886 2171 925 2205 3:

289 2227 469 2267 Egoverum
480 2237 560 2264 amo,
571 2239 677 2258 verum
685 2229 756 2259 volo
768 2229 843 2259 mihi
854 2230 926 2260 dici.

291 2273 383 2308 cod.
407 2283 525 2308 autem
544 2283 686 2319 noster,
709 2284 744 2310 et
765 2276 825 2310 alii
845 2289 927 2324 per-

291 2327 399 2361 multi
411 2326 542 2361 hahent
556 2328 668 2369 debito,
682 2341 756 2363 non
768 2330 874 2362 dicite.

340 2380 396 2414 56.
426 2380 631 2426 Qm‘pooep]
649 2381 732 2424 Quo
757 2381 866 2416 modo
889 2380 928 2416 id

290 2431 369 2466 fieri
390 2434 501 2479 possit
512 2458 523 2475 ‚
538 2442 578 2467 ut
591 2435 771 2469 veritatem
791 2434 856 2468 tibi
875 2434 929 2469 di-

292 2491 372 2517 cant
397 2484 482 2518 isti?
503 2485 595 2519 Nam
611 2510 622 2528 ,
649 2484 772 2520 Horat.
797 2485 861 2520 lib.
885 2488 928 2529 1,

291 2543 355 2569 sat.
380 2549 397 2569 a
415 2549 424 2569 z
599 2557 606 2561 -

318 2620 327 2628 .
354 2623 363 2630 .
388 2622 395 2629 .
417 2623 425 2631 .
439 2601 522 2632 Male
534 2614 640 2634 verum
656 2605 812 2635 examinat
830 2605 930 2636 omnis

291 2647 460 2689 Corruptus
471 2649 578 2691 judex.
598 2672 607 2683 .
629 2674 640 2691 2
664 2671 867 2685 .......
888 2674 901 2692 2

981 874 1028 880 -
1040 856 1094 886 Vis
1116 857 1220 887 dicam
1230 859 1249 887 :²
1265 853 1349 888 scil.
1371 866 1437 901 ego
1459 854 1523 901 qui
1548 855 1620 889 tuis

981 905 1161 940 beneficiis
1174 918 1247 940 non
1264 918 1343 940 sum
1359 915 1563 954 corruptus.
1573 927 1621 933 —

981 960 1131 1002 Nugas-is.
1141 959 1267 1004 Inepta
1274 959 1397 993 scribis
1405 984 1417 1002 ‚
1430 967 1465 994 et
1473 960 1597 994 recitas
1609 971 1621 1001 ;

984 1009 1083 1056 quod
1097 1010 1197 1044 aliter
1207 1010 1286 1044 fieri
1300 1023 1374 1045 non
1385 1019 1503 1058 potest
1515 1024 1523 1044 :
1538 1023 1620 1046 nam

980 1062 1123 1109 pinguis
1137 1071 1172 1096 et
1183 1063 1310 1096 obesus
1319 1071 1442 1098 venter
1454 1063 1622 1098 subtilem

980 1128 1054 1150 non
1071 1116 1223 1162 parturit
1241 1129 1396 1150 sensum.
1415 1119 1545 1161 Nugari
1558 1128 1622 1151 au—

981 1177 1053 1202 tem
1063 1181 1131 1215 pro
1140 1181 1262 1203 versus
1272 1170 1386 1204 facere
1395 1169 1624 1204 notissimum

980 1229 1043 1256 est.
1056 1242 1101 1247 ——
1114 1224 1224 1261 Calvo,
1237 1230 1278 1256 ut
1295 1235 1402 1269 supra
1413 1225 1536 1257 vetule.
1555 1223 1598 1257 P.

1027 1274 1085 1319 57.
1102 1276 1342 1321 Aqualiculus.]
1359 1275 1623 1310 Diminutivum

975 1337 1043 1372 pro
1057 1326 1238 1371 aqualicus
1251 1335 1286 1360 et
1298 1327 1449 1373 aqualis.
1463 1327 1533 1362 Pro
1542 1339 1626 1362 νεα·

977 1378 1109 1412 triculo
1121 1391 1140 1410 a
1154 1378 1300 1412 medicis
1312 1378 1502 1425 aliquando
1514 1380 1623 1413 sumi-

977 1438 1037 1464 tur
1050 1443 1060 1473 ;
1076 1442 1148 1476 quo
1161 1430 1268 1465 modo
1280 1444 1352 1465 nou
1367 1432 1473 1466 semel
1487 1432 1623 1479 accepit

979 1483 1166 1517 Marcellus
1187 1485 1404 1531 Empiricus.
1424 1485 1556 1519 Seneca
1576 1485 1623 1520 ad

979 1535 1161 1570 Lucilium
1185 1549 1193 1569 :
1221 1539 1298 1570 Ciam
1312 1539 1459 1580 pervenit
1476 1540 1564 1572 cibus
1587 1540 1622 1571 in

978 1598 1143 1627 ventrem,
1162 1590 1344 1632 aqualiculi
1355 1591 1488 1632 fervore
1508 1603 1624 1624 conco·

979 1642 1105 1683 quitur,
1122 1650 1196 1673 tunc
1208 1644 1335 1677 domum
1346 1644 1476 1686 corpori
1485 1645 1618 1676 accedit.

978 1693 1055 1726 Hoc
1071 1693 1168 1735 loco,
1179 1693 1351 1740 significat
1364 1694 1496 1728 ventris
1514 1694 1621 1729 imam

977 1749 1390 1792 partem—Sesquipede.
1409 1747 1492 1781 Uno
1514 1755 1550 1782 et
1567 1746 1623 1781 di-

977 1798 1088 1832 midio
1107 1799 1212 1845 pede.
1233 1802 1366 1843 Sesqui,
1382 1801 1421 1834 in
1439 1800 1618 1847 composi-

977 1852 1074 1886 tione
1086 1851 1314 1888 dimidiatum
1329 1852 1526 1900 significan
1544 1853 1595 1888 sic
1610 1879 1622 1894 ‚

976 1906 1164 1947 sesquihora
1173 1930 1183 1944 ,
1198 1906 1285 1940 hora
1304 1918 1387 1940 cum
1407 1905 1556 1941 dimidia
1570 1905 1624 1941 dl-

979 1957 1082 1991 citur.
1109 1957 1152 1993 P.
1169 1966 1204 1992 et
1220 1960 1263 1991 A.

1027 2009 1082 2044 58.
1104 2013 1132 2042 Ο
1153 2013 1256 2049 Iane,
1274 2014 1347 2056 eta]
1362 2011 1439 2046 Hoc
1450 2024 1574 2054 versu,
1587 2021 1624 2047 et

980 2063 1207 2109 sequentibus
1215 2088 1227 2105 ‚
1240 2077 1352 2111 usque
1364 2064 1409 2099 ad
1419 2065 1463 2099 63
1473 2090 1484 2106 ,
1501 2066 1623 2100 solerti

980 2123 1016 2149 et
1035 2116 1173 2162 poetica
1196 2117 1311 2151 utitur
1333 2118 1554 2164 apostrophe
1573 2117 1621 2152 ad

981 2169 1189 2202 sententiam
1203 2193 1215 2210 ‚
1241 2182 1350 2215 quam
1379 2169 1489 2204 modo
1513 2182 1623 2217 expo-

980 2221 1060 2262 suit,
1070 2221 1364 2255 confirmandam:
1373 2222 1518 2263 scilicet,
1524 2222 1623 2269 ipsos

978 2271 1106 2308 divites
1118 2277 1314 2319 poetastros
1328 2274 1444 2320 palam
1454 2274 1602 2321 quidem
1612 2299 1623 2316 ‚

979 2334 1015 2360 et
1029 2327 1068 2360 in
1085 2339 1124 2360 os
1142 2326 1278 2360 laudari
1296 2327 1340 2360 ab
1357 2326 1597 2363 adulatoribus
1609 2352 1622 2370 ,

980 2392 999 2413 a
1008 2387 1104 2426 tergo
1113 2387 1231 2414 autem
1241 2378 1406 2413 derideri.
1418 2379 1535 2422 Quam
1545 2392 1623 2415 sen-

979 2440 1126 2473 tentiam
1138 2463 1149 2480 ,
1169 2441 1456 2486 ἐσχηματισμένως
1481 2437 1541 2474 διὰ
1565 2445 1621 2475 τοῦ

981 2493 1122 2526 ἐναντίου
1134 2492 1298 2526 enuntiat
1312 2500 1322 2522 :
1342 2504 1447 2530 nam,
1469 2500 1512 2526 ut
1527 2492 1623 2527 infe·

978 2541 1145 2575 licitatem
1155 2553 1280 2575 eorum
1289 2540 1464 2583 ostendat,
1474 2541 1622 2576 beatum

978 2592 1147 2641 praedicat
1151 2594 1173 2627 J
1173 2594 1485 2635 anumbismntem
1492 2595 1621 2636 Deum,

981 2647 1040 2684 cui
1056 2648 1128 2694 ἅμα,
1145 2648 1254 2694 πρόσω
1273 2648 1328 2683 καὶ
1343 2648 1447 2684 ὀπίσω
1460 2648 1623 2684 cementi
