1898 3216
339 291 369 318 x
812 273 1225 318 PRAEFATIO.

336 371 630 417 memoriam
656 371 884 418 omnium
914 370 1119 417 incidit:
1152 384 1257 415 uno
1282 366 1463 427 verb0‚
1491 365 1698 417 illustris

337 456 421 504 ille
451 458 616 504 stoicae
641 456 821 505 scholae
851 455 1152 520 discipulus,
1176 452 1402 501 versibus
1431 452 1579 518 plane
1608 471 1696 502 au-

335 546 459 605 reis,
488 547 682 593 sonoris
706 562 760 592 ac
790 544 1064 591 fluentibus
1093 543 1418 602 hexametris,
1446 552 1696 607 quantum

334 645 590 700 pateretur
613 635 691 682 lex
712 635 898 699 operis,
921 649 1024 680 non
1049 631 1203 679 oblita
1225 641 1392 678 tamen
1414 631 1567 679 stoica
1580 634 1694 680 viri-

335 724 502 784 litate,
531 723 676 771 nobis
706 724 819 770 vitae
860 738 1089 769 normam
1120 736 1321 767 omnem
1339 757 1352 779 ‚
1380 721 1504 783 justi
1534 730 1584 768 et
1612 722 1690 767 in·

331 812 453 875 justi
513 810 733 858 confinia
759 847 771 869 ‚
817 827 921 856 uno
983 818 1183 855 tantum
1234 807 1404 855 libello
1461 809 1531 855 ita
1584 808 1693 855 des·

335 899 508 963 cripsit
530 934 544 955 ,
590 908 649 945 ut
687 914 854 945 veram
896 896 1105 961 gloriam
1138 905 1449 943 consecutus
1495 893 1650 942 fuerit
1676 932 1689 955 ,

334 994 456 1031 teste
495 984 837 1044 Quintiliano,
882 993 931 1030 et
963 985 1234 1047 majorem,
1271 993 1395 1031 teste
1436 983 1690 1044 Martiale,

333 1075 484 1137 quam
510 1074 550 1120 si
571 1077 751 1137 poema
771 1074 969 1137 epicum
992 1073 1266 1137 scripsisset
1285 1090 1295 1118 ε
1323 1082 1396 1132 et,
1426 1081 1559 1119 certe
1578 1108 1591 1131 ,
1613 1073 1692 1119 sin

331 1162 498 1209 minus
537 1161 597 1208 de
635 1160 844 1221 litteris‚·
879 1171 929 1208 at
971 1161 1145 1208 saltem
1184 1161 1246 1208 de
1282 1161 1509 1208 moribus
1545 1161 1693 1226 longe

329 1247 508 1295 melius
555 1250 764 1296 meritus
818 1258 891 1296 est
915 1285 928 1308 ‚
980 1250 1134 1313 quam
1183 1249 1278 1313 ipsi
1307 1249 1564 1310 ·Horatius
1619 1258 1691 1296 at-

330 1352 428 1400 que
479 1335 747 1383 Juvenalis.
793 1339 910 1385 Non
959 1352 1164 1401 possum
1212 1335 1325 1382 ideo
1371 1337 1499 1400 quin
1526 1337 1691 1394 ‚mirer

328 1423 679 1490 negligentiam
727 1427 1080 1490 magistrorum
1123 1423 1487 1471 hodiernorum
1511 1460 1526 1483 ,
1564 1425 1687 1489 qui,

330 1512 451 1559 dum
491 1515 584 1560 toti
621 1514 675 1559 in
699 1513 907 1578 Virgilio
947 1523 996 1561 et
1030 1513 1244 1560 *Horatio
1274 1511 1581 1577 explicandis
1611 1513 1688 1559 in—

329 1599 576 1647 cumbunt
593 1638 605 1660 ,
630 1618 694 1648 ne
718 1603 980 1648 minimam
1011 1600 1218 1666 quidem
1242 1601 1345 1647 suis
1372 1599 1688 1648 auditoribus

327 1690 624 1755 particulam
658 1692 817 1738 nostri
844 1691 970 1738 vatis
1001 1689 1281 1754 indulgent.
1309 1690 1388 1736 An
1421 1704 1504 1736 eos
1535 1698 1688 1736 terret

327 1778 585 1844 disciplina
609 1784 769 1839 Στοᾶς;
793 1797 855 1827 an
876 1780 1031 1826 Persii
1056 1777 1365 1828 obscuritas?
1387 1779 1571 1826 nescio.
1596 1780 1687 1826 Ut·

327 1884 542 1932 cumque
563 1878 661 1928 est3
683 1868 734 1915 id
752 1885 834 1915 eos
849 1884 1023 1933 rogare
1037 1866 1188 1914 velim
1204 1904 1216 1926 ‚
1230 1876 1290 1914 ut
1311 1867 1550 1914 attentius
1564 1883 1684 1913 con-

325 1955 545 2004 siderent
569 1994 582 2016 ,
623 1944 793 2004 annon
830 1957 1112 2004 eruditione
1148 1955 1266 2015 sua,
1304 1972 1458 2020 quam
1490 1954 1684 2003 elevare

325 2043 449 2090 mihi
481 2062 584 2092 non
614 2056 687 2093 est
711 2048 909 2093 animus
928 2083 942 2106 ‚
970 2046 1183 2111 dignum
1205 2055 1358 2105 esset,
1384 2044 1518 2092 haud
1548 2054 1682 2109 post-

324 2132 509 2180 habitis
546 2144 715 2181 tamen
745 2134 954 2200 Virgilio
989 2144 1043 2182 et.
1081 2135 1287 2181 Horatio
1312 2170 1326 2193 ‚
1365 2135 1590 2181 Persium
1625 2133 1681 2180 in

321 2219 502 2267 scholis
527 2221 782 2268 interdum
812 2222 973 2287 legere
1003 2232 1153 2286 atque
1178 2218 1434 2285 discipulis
1463 2221 1567 2267 suis
1598 2236 1680 2266 ex-

322 2307 531 2371 plicare,
560 2310 648 2373 qui
678 2309 829 2356 simul
866 2319 916 2356 et
954 2310 1180 2357 animum
1210 2325 1386 2355 eorum
1414 2308 1681 2372 praeceptis

321 2395 421 2441 suis
450 2397 821 2460 sapientissimis
839 2434 851 2457 ,
877 2407 1056 2462 atque,
1081 2394 1153 2443 fas
1176 2395 1302 2442 mihi
1330 2396 1395 2442 sit
1416 2396 1484 2442 ita
1509 2394 1676 2459 loqui,

319 2496 447 2544 pene
492 2484 783 2544 Christianis
825 2485 1107 2545 imbueret,
1147 2494 1198 2532 et
1241 2484 1500 2549 ingenium
1543 2481 1675 2531 diffi-

322 2567 505 2617 cultate
536 2571 641 2636 ipsa
671 2583 891 2622 acueret.
