1846 3184
250 297 304 341 56

583 300 633 342 A.
667 299 909 344 PERSII
946 302 1199 346 FLACCI

305 380 517 423 Intendit:
538 381 625 438 jam
647 384 798 425 crescit
821 399 942 442 ager,
961 385 1047 441 jam
1070 386 1219 428 crescit
1242 384 1376 438 ovile,

304 457 327 497 J
330 456 397 497 am
414 456 605 509 dabitur,
622 458 731 514 jam,
743 460 828 516 jam
845 475 856 512 3
874 459 1010 503 donec
1027 461 1228 518 deceptus
1242 493 1254 514 ,
1273 472 1316 503 et
1334 473 1477 519 exspes
1490 492 1502 514 ,
1535 464 1580 501 50

263 529 265 531 ’
303 533 347 575 N
348 533 603 590 equiequam
624 534 759 576 fundo
778 537 960 593 suspiret
977 552 1178 579 nummus
1195 538 1239 578 in
1257 538 1358 579 imo.

305 608 352 651 Si
370 608 449 650 tibi
471 620 672 651 craterras
690 611 874 667 argenti,
894 611 1123 669 incusaque
1141 613 1294 670 pingui

252 736 298 770 ob
308 736 429 770 oculos
439 736 567 770 merito
575 737 679 782 ponit
690 736 841 770 Persius.
854 737 891 771 C.

251 793 416 824 —Farto.
434 789 549 836 Hujus
569 789 731 822 meminit
746 789 833 823 Cato
848 788 892 823 de

252 842 302 876 Re
314 844 414 875 Rust.
430 855 503 888 cap.
518 842 706 884 CXXXIV
721 855 737 875 ε»
749 845 890 881 Veteres,

252 895 374 941 inquit
383 921 393 936 ‚
406 906 520 927 struem
525 895 649 938 farris,
663 895 875 937 triticifarrei
881 919 893 933 ,

243 948 341 991 faba’
348 972 359 986 ,
371 950 498 980 seminis
508 949 656 990 νημαι-εἰ,
671 949 763 979 thure
774 957 807 979 ec
814 949 899 980 vino

253 1002 392 1039 addicis,
407 1010 483 1032 ante
507 1013 634 1033 messem
652 1002 841 1043 parabant,
864 999 897 1032 ἷη

248 1066 362 1096 porcae
380 1054 598 1096 praecidaneoe
629 1054 877 1085 immolationem
886 1077 897 1092 ,

255 1116 289 1139 et
297 1109 394 1144 Iano,
403 1108 473 1139 Jovi
483 1115 515 1138 et
525 1107 646 1138 Iunoni
653 1107 897 1152 sacrificaban&

257 1171 332 1201 quae·
368 1161 561 1191 diuersarum
597 1172 703 1191 rerum
740 1161 901 1203 congeries

257 1211 389 1244 fartum
403 1213 578 1244 dicebatur.
590 1210 666 1244 Hoc
678 1211 766 1251 loco,
777 1224 902 1256 magna

257 1263 421 1297 lectionis
434 1264 581 1297 varietas
602 1272 729 1297 exstat.
747 1263 904 1297 Dimidia

258 1329 340 1362 pars
353 1315 455 1350 codd.
466 1317 678 1360 habetfarto‚
688 1317 793 1350 altera
795 1317 902 1359 ferto,-

259 1369 358 1403 unde
371 1369 465 1403 inter
479 1369 618 1403 criticos
633 1382 754 1415 magna
769 1368 901 1403 dissen-

261 1421 313 1455 tio
330 1434 343 1457 3
370 1421 430 1455 alii
453 1421 546 1455 inter
574 1434 665 1468 quos
690 1429 763 1457 vet.
786 1415 899 1455 ¹schol.

258 1473 485 1507 Britannicus
495 1499 506 1516 ‚
520 1473 750 1508 casaubonus
758 1498 767 1514 ‚
779 1473 903 1507 Schre·

261 1526 377 1560 velius
391 1550 402 1567 ‚
424 1534 494 1559 etc.
519 1526 642 1572 legunt
655 1527 748 1569 ferto
758 1552 767 1564 ‚
787 1534 821 1559 et
847 1526 901 1559 in-

262 1586 507 1624 terpretantur
519 1579 730 1613 sacrificium
744 1579 906 1612 oblatum

265 1643 312 1663 ex
321 1642 359 1663 re
373 1630 546 1676 qualibet,
557 1643 576 1664 a
587 1631 742 1674 serendo.
757 1631 880 1665 Festus
894 1643 903 1664 ε

264 1687 394 1717 Fer-tum
412 1708 423 1722 ,
445 1696 547 1727 genus
572 1685 631 1716 libi
651 1685 769 1717 dictum
786 1709 797 1724 ‚
819 1686 910 1727 quod

266 1737 409 1767 crebrius
419 1737 468 1768 ad
476 1736 758 1778 sacrafirebatur,
770 1749 829 1768 nec
839 1738 907 1768 sine

266 1797 352 1820 strue
363 1812 374 1826 ,
393 1790 496 1821 altero
511 1801 629 1832 genere
645 1790 721 1827 libi,
740 1801 815 1831 quoe
824 1813 835 1827 ,
852 1789 910 1831 qui

267 1841 455 1883 afferebant
461 1865 471 1879 ‚
483 1842 699 1884 struefi’rtarii
705 1843 906 1874 dicebantur.

267 1893 339 1927 Alii
348 1917 359 1934 ‚
373 1892 466 1927 inter
481 1906 571 1940 quos
584 1895 748 1928 Lubinus
757 1919 767 1935 ‚
781 1896 802 1928 J
805 1895 911 1928 ohan-

267 1958 334 1980 :nes
347 1946 506 1980 Bondius
516 1971 526 1987 ,
537 1947 651 1981 Dav-id
660 1947 911 1982 Wedderbur-

269 2011 339 2033 nus
359 2024 370 2041 ‚
393 2009 428 2033 et
453 2000 626 2046 interpres
652 2000 806 2034 Gallicus
831 2002 912 2033 selis

271 2051 395 2098 legunt
399 2053 496 2094 farto
505 2076 516 2090 ,
534 2060 569 2085 et
579 2052 777 2098 appellant,
790 2065 836 2086 ex
849 2053 912 2086 Ca-

273 2111 358 2138 tone
371 2115 478 2150 supra
495 2103 603 2138 citato
613 2129 624 2146 ‚
631 2105 762 2148 fartum
771 2130 783 2144 ‚
797 2105 911 2138 varia·

272 2169 357 2190 rum
382 2169 503 2191 rerum
517 2157 741 2204 congeriem.
769 2157 912 2199 Quibus

274 2210 466 2244 assentitur
478 2212 632 2250 Diderot,
650 2210 687 2243 in
705 2210 778 2244 suis
798 2223 914 2245 emen-

275 2262 482 2297 dationibus
493 2287 504 2305 ,
524 2263 626 2297 aliter
651 2271 768 2297 tamen
786 2264 917 2306 fartum

276 2314 456 2361 explicans
468 2339 478 2356 ‚
494 2323 530 2350 e‘t
543 2314 664 2351 dicens
677 2329 685 2349 :
703 2332 717 2346 α
729 2315 918 2359 C’estfarto

281 2384 296 2397 ι
311 2381 331 2396 v-
414 2368 524 2410 fare-to
546 2369 633 2415 qu'il
656 2369 732 2403 faut
745 2381 754 2402 t
765 2368 896 2412 farcire
905 2393 917 2407 ‚

424 2435 444 2459 z,
449 2421 575 2464 fartor,
588 2421 920 2464 quifarciminafacie

418 2485 452 2507 :a
459 2487 558 2508 carne
566 2484 599 2508 ec
606 2477 710 2518 adipe.
719 2473 916 2522 operation

947 753 962 768 α
978 738 1042 784 qui
1056 738 1147 773 rend
1161 741 1179 772 ὲ
1194 739 1374 774 merveille
1384 740 1417 773 la
1426 739 1584 774 maniere

947 806 962 820 ι
975 790 1064 824 dont
1086 792 1137 825 les
1151 792 1298 826 viandes
1315 804 1363 825 ou
1382 792 1495 826 chairs
1515 790 1585 825 d’a-

948 860 962 873 ι
977 844 1124 877 nimaux
1133 845 1324 878 s'offraient
1332 857 1392 878 sur
1399 845 1449 879 les
1458 845 1585 878 autels:

949 912 963 925 ι
979 908 1030 929 un
1049 896 1091 929 lit
1111 896 1156 930 de
1178 897 1284 943 petits
1306 897 1453 940 butorus,
1473 910 1526 931 un
1543 897 1587 930 lit

953 963 968 978 ι
982 947 1027 980 de
1051 947 1181 993 graisse
1210 951 1347 995 coupee
1359 974 1371 990 ‚
1399 961 1451 983 un
1476 949 1518 982 lit
1543 948 1589 982 de

953 1016 967 1030 ι
982 1001 1080 1034 chair
1101 1001 1335 1047 dechiquetee
1346 1026 1358 1043 ‚
1374 1010 1410 1036 et
1434 1002 1522 1036 ainsi
1543 1001 1589 1035 de

953 1070 967 1083 ι
982 1053 1086 1087 suite.
1100 1070 1114 1083 n
1139 1062 1175 1088 et
1199 1054 1294 1088 infra
1317 1054 1511 1101 respondet
1533 1053 1592 1088 ab·

949 1106 1023 1139 bati
1037 1110 1082 1139 Le
1098 1109 1248 1139 Monnier
1263 1107 1433 1140 scribenti
1445 1119 1453 1139 :
1461 1107 1593 1150 fartum

952 1161 1077 1206 signfie
1091 1173 1133 1192 un
1147 1162 1293 1204 mdlange
1306 1162 1346 1192 de
1359 1161 1422 1193 ble's
1431 1184 1442 1198 ,
1455 1161 1495 1192 de
1504 1160 1596 1203 grui-

954 1223 1008 1242 nes
1017 1235 1027 1248 ,
1042 1213 1082 1242 de
1095 1212 1233 1254 Ie'gumes
1242 1235 1253 1249 ‚
1269 1213 1309 1243 de
1329 1212 1391 1243 vin
1401 1235 1412 1249 ‚
1425 1211 1574 1242 d'encens
1583 1233 1594 1247 ,

955 1272 1016 1295 etc.
1039 1278 1053 1291 κ
1067 1263 1149 1296 Cela
1163 1262 1251 1296 n’est
1266 1275 1327 1308 pas
1342 1262 1416 1296 vrai
1429 1274 1440 1304 3
1454 1258 1597 1305 carsur-

959 1330 974 1344 ι
989 1324 1054 1347 tum
1067 1326 1113 1348 ne
1123 1315 1221 1349 vient
1234 1327 1297 1361 pas
1309 1314 1354 1348 de
1358 1315 1443 1358 far,
1456 1314 1542 1347 mais
1552 1312 1598 1346 de

957 1368 1126 1410 «farcire,
1140 1369 1271 1410 fartum
1280 1382 1294 1406 ,-
1315 1368 1407 1401 alors
1431 1362 1467 1400 il'
1483 1378 1520 1400 se
1542 1365 1599 1400 dit

957 1436 971 1449 ι
986 1419 1047 1453 des
1068 1421 1182 1453 chairs
1204 1428 1240 1454 et
1267 1419 1311 1453 de
1334 1420 1367 1453 la
1389 1420 1539 1466 graisse,
1561 1426 1600 1452 et

957 1489 971 1502 ι
987 1473 1013 1505 il
1034 1480 1086 1506 est
1109 1485 1242 1518 propre
1264 1485 1331 1506 aux
1355 1473 1528 1506 sacrifices
1553 1471 1599 1506 de

957 1525 1091 1559 «chair.
1107 1542 1121 1555 „
1139 1526 1213 1559 Nos
1229 1533 1368 1567 autem,
1390 1526 1455 1559 etsi
1474 1525 1599 1559 Festus

957 1578 1079 1611 scribit
1096 1578 1222 1621 fertum
1247 1579 1262 1622 (
1275 1590 1382 1624 quam
1406 1577 1600 1611 lectionem

958 1639 1163 1676 corruptam
1196 1630 1303 1664 fuisse
1327 1629 1571 1676 suspicamur)
1587 1653 1599 1672 ,

958 1681 1181 1727 praetulimus
1191 1682 1322 1723 fartum
1335 1693 1347 1712 :
1366 1692 1449 1714 nam
1463 1687 1601 1714 veteres

959 1746 1119 1780 unquam
1131 1733 1262 1767 dixisse
1265 1734 1391 1777 finum
1402 1757 1414 1772 ,
1423 1733 1603 1776 afer-endo,

959 1787 1088 1821 merito
1101 1787 1136 1820 in
1153 1786 1306 1820 dubium
1319 1785 1602 1820 adducimumA.

1008 1845 1064 1884 49.
1075 1842 1148 1872 Jam
1160 1841 1273 1872 crescit
1278 1851 1360 1883 ager·
1367 1863 1378 1877 ‚
1391 1837 1604 1884 etc.]1nquit

962 1905 1087 1926 avarus
1101 1892 1242 1926 sibimet
1258 1890 1429 1926 illudens.
1453 1890 1497 1924 P.

1010 1946 1067 1979 50.
1081 1950 1154 1979 Iam
1167 1947 1315 1985 dabitur,
1322 1947 1416 1991 jam,
1423 1946 1526 1990 jam-J
1539 1944 1606 1978 Le-

961 1998 1046 2045 pide
1069 2008 1104 2033 et
1129 2006 1210 2045 apte
1238 1997 1416 2044 repetitur
1432 1998 1507 2043 jam
1524 2021 1538 2036 ,
1559 1995 1607 2030 ad

963 2050 1158 2085 notandam
1192 2049 1413 2097 cupidissimi
1450 2048 1607 2083 hominis

964 2113 1140 2138 naturam.
1167 2105 1212 2138 L.

1015 2157 1072 2191 51.
1104 2158 1330 2199 Nequicquam
1354 2156 1466 2199 fundo
1477 2179 1489 2195 ,
1514 2164 1576 2188 etc.
1593 2156 1607 2198 ]

966 2208 1095 2243 Audax
1104 2209 1307 2254 metaphora
1321 2207 1364 2241 ab
1373 2206 1588 2241 animalibus
1598 2219 1608 2240 ι

969 2262 1069 2308 quasi
1091 2273 1261 2296 nummus
1290 2261 1440 2294 ultimus
1463 2259 1610 2294 relictus

969 2315 1007 2348 in
1020 2327 1197 2349 crumenae
1209 2313 1338 2355 fundo,
1349 2321 1384 2347 et
1394 2325 1412 2346 a
1422 2312 1524 2347 sociis
1534 2311 1611 2346 des-

969 2367 1097 2402 titutus
1109 2391 1120 2408 ,
1135 2366 1261 2400 timore
1285 2365 1394 2399 simul
1421 2377 1460 2400 ac
1484 2363 1610 2399 dolore

967 2422 1110 2464 suspiret.
1136 2419 1178 2453 L.
1595 2421 1599 2424 “

1015 2473 1072 2508 52.
1091 2476 1272 2516 Incusaque
1289 2473 1411 2516 pingui
1416 2495 1428 2510 ‚
1443 2473 1521 2515 etc-J
1541 2470 1611 2506 Hic

325 2580 372 2611 V.
397 2580 452 2610 52.
475 2580 651 2612 Craterras.
667 2594 688 2610 ,ι
701 2582 768 2620 Ita,
784 2578 1054 2622 inquit'Casaub.
1079 2577 1230 2609 scribunt
1250 2577 1382 2615 Latini,
1405 2582 1439 2608 et
1462 2576 1609 2608 formant

310 2640 453 2663 cracerra
463 2656 474 2670 ,
490 2641 655 2670 materne,
671 2634 797 2665 Dicunt
815 2640 847 2664 et
863 2640 970 2664 crater
985 2643 1061 2663 cum
1079 2631 1222 2669 Graecis3
1240 2630 1332 2672 quod
1349 2630 1430 2660 huie
1445 2630 1521 2661 loco
1538 2640 1610 2661 non

286 2697 299 2712 c:
314 2686 477 2717 convenit.
485 2699 500 2718 η
514 2686 757 2735 Omnes-nostri
769 2686 865 2719 codd.
876 2696 990 2720 omnes
1002 2685 1094 2718 editt.
1106 2683 1221 2728 priscae
1236 2690 1270 2717 et
1282 2683 1481 2716 recentiores
1492 2681 1616 2714 habent
