1846 3184
316 337 374 381 σο
666 340 720 381 A.
755 339 1002 382 PERSII
1042 340 1297 400 FLACQI

371 420 472 463 Haec
495 420 721 463 Calabrum
747 423 860 465 coxit
876 423 1021 469 vitiato
1046 424 1209 466 murice
1228 424 1389 466 vellus:
1601 426 1646 464 55

368 496 469 539 Haec
493 497 668 539 baccam
690 498 865 540 conchae
889 499 1035 541 rasisse
1049 531 1061 552 ,
1084 510 1126 541 et
1144 500 1349 558 stringere
1367 513 1496 542 venas

368 573 588 615 Ferventis
611 589 750 615 massae
772 573 907 616 crudo
932 574 985 616 de
1009 575 1185 632 pulvere
1210 575 1347 631 jussit.

369 649 524 692 Peccat
536 661 578 691 et
589 650 698 703 haec,
717 660 863 707 peccat
878 666 889 703 ;
906 650 1011 692 vitio
1031 661 1172 693 tamen
1190 651 1350 692 utitur:
1370 661 1413 691 at
1426 663 1501 692 vos

366 725 529 778 Dicite,
546 724 790 785 pontifices,
807 725 852 766 in
867 726 1020 767 sanctis
1037 726 1144 783 quid
1162 725 1264 767 facit
1278 729 1435 769 aurum
1451 725 1470 766 Ρ

309 861 417 899 atque
426 852 622 896 servandis;
631 851 729 886 unde
739 852 952 898 frequentis-

308 906 396 941 sime
413 916 607 953 usurpatur
630 907 673 940 ab
693 907 948 951 unguentariis.

306 961 468 995 -Recte
480 969 646 1003 corrupto:
659 958 840 1005 quidquid
852 960 949 994 enim

307 1011 411 1046 desiit
435 1025 507 1047 esse
535 1012 634 1059 quod
657 1013 728 1046 fuit
740 1038 749 1055 ,
768 1022 949 1056 corruptum

306 1064 453 1100 dicitur.
474 1067 583 1100 Notat
599 1074 720 1099 autem
732 1090 742 1107 ‚
756 1066 825 1099 hoc
843 1066 924 1099 loco
936 1091 947 1108 ‚

305 1117 434 1152 luxum
475 1117 723 1164 prodigiosum
767 1119 947 1152 Romano-

304 1182 402 1212 rum,
414 1171 476 1217 qui
490 1172 639 1218 ubique,
650 1179 684 1205 et
698 1171 736 1204 in
750 1171 848 1204 omni
862 1180 959 1211 tcm-⁴

303 1235 392 1268 pore
403 1224 594 1270 unguentis
603 1225 797 1258 utebantur
805 1248 815 1265 ‚
829 1224 946 1271 iisque

303 1284 486 1323 tantopere
500 1276 721 1323 gaudebant,
737 1287 776 1311 ut
786 1279 858 1323 jam
872 1290 946 1311 non

301 1329 498 1364 linirentur
522 1338 661 1364 tantum
674 1355 684 1372 ‚
711 1330 772 1364 sed
802 1340 837 1365 et
866 1343 948 1377 per-

303 1382 543 1418 funderentur
562 1392 639 1418 toto
654 1396 804 1430 corpore
815 1409 826 1426 ‚
842 1385 946 1418 vesti-

303 1436 431 1482 giaque
453 1437 560 1471 etiam
585 1436 719 1483 pedum
742 1437 943 1483 tingerent,

304 1488 452 1535 quidam
490 1490 596 1524 etiam
639 1491 818 1524 biberent.
856 1490 942 1524 Vid.

303 1541 398 1575 Plin.
416 1543 480 1576 lib.
495 1543 590 1576 XIII
603 1568 614 1586 ,
630 1555 705 1590 cap.
722 1543 755 1576 3.
777 1544 816 1577 C.
833 1551 867 1577 et
880 1544 923 1577 A.

349 1599 405 1634 65.
413 1604 490 1634 Haec
502 1604 671 1634 Calabrum
680 1604 808 1645 vellus]
817 1601 947 1635 Taren-

302 1652 413 1687 tinam
426 1654 543 1687 lanam
553 1679 563 1695 ,
577 1667 657 1701 quae
677 1662 729 1688 est
741 1655 889 1701 optima.
900 1674 947 1681 —

303 1707 404 1739 Coxit.
434 1707 566 1741 Infecit
584 1733 594 1749 ‚
618 1708 739 1741 tinxit.
760 1728 805 1734 --
825 1709 944 1741 Vitiata

301 1762 431 1793 murice.
463 1761 594 1795 Murex
626 1773 736 1806 genus
763 1761 943 1808 conchylii

301 1825 349 1846 ex
364 1825 437 1859 quo
458 1813 580 1859 liquor
603 1814 746 1847 elicitur
764 1813 943 1859 tingendis

301 1865 492 1912 expeditus
514 1867 694 1908 vestibus,
714 1867 833 1900 colore
860 1880 944 1913 pur-

299 1931 429 1965 pureo.
439 1939 486 1944 ——
500 1921 628 1967 Vitiata.
647 1920 739 1962 Quia
754 1922 836 1954 cum
851 1920 942 1954 lani·

300 1972 396 2005 cium
415 1972 574 2005 inficitur
586 1997 597 2013 ‚
612 1973 769 2007 alienum
787 1974 944 2007 colorem

300 2020 412 2059 vitiat.
422 2025 612 2059 Horat.lib.
627 2026 665 2059 II
676 2051 686 2068 ,
702 2035 763 2060 sat.
777 2039 790 2060 1
806 2052 816 2068 ,
833 2041 863 2061 v.
876 2027 919 2072 57
932 2040 940 2059 ε

299 2083 360 2113 Sed
371 2083 451 2113 mala
469 2083 557 2113 tollet
570 2094 662 2113 anum
676 2085 783 2115 vitiato
795 2086 884 2114 melle
901 2085 943 2115 ci-

381 2137 462 2161 cuta.
622 2131 650 2165 ⁵⁸.
774 2133 807 2160 P.
823 2139 853 2161 et
868 2134 903 2161 L.

347 2183 402 2216 66.
413 2185 491 2216 Hoec
502 2184 655 2216 bacchum
667 2185 798 2215 concha·
808 2185 941 2227 rasisse]

297 2234 433 2269 Eadem
442 2237 545 2283 jubet
558 2236 625 2269 sibi
638 2237 839 2282 margaritas
849 2249 941 2282 quae-

299 2289 345 2323 ri.
368 2293 507 2323 Baccam
528 2299 635 2322 autem
657 2291 789 2322 conchoe
807 2292 921 2322 radere
930 2314 940 2328 ,

299 2343 430 2377 Graeeis
442 2344 494 2378 τὸν
509 2343 708 2390 μαργαρίτην
723 2343 863 2390 χωρίζειν
875 2344 939 2377 ἀπὸ

1002 862 1057 892 ταῦ
1077 860 1207 905 κόγχου.
1225 858 1312 894 Vid.
1334 859 1474 894 Athaen.
1496 859 1559 893 lib.
1577 861 1646 895 ΙΙΙ.

1000 913 1164 944 Baccham
1182 920 1286 947 vocat
1309 921 1458 959 propter
1476 912 1649 947 similitu·

1002 963 1123 998 dinem
1139 976 1223 998 cum
1240 965 1419 999 fructibus
1437 965 1527 999 lauri
1543 965 1649 999 unio-

1001 1028 1062 1050 nes
1087 1024 1121 1050 et
1147 1017 1348 1062 margaritas
1358 1042 1369 1059 ,
1391 1030 1477 1064 quas
1499 1018 1646 1051 nucleos

999 1069 1091 1102 Plin.
1101 1077 1136 1103 et
1146 1069 1278 1103 infimae
1288 1069 1488 1104 Latinitatis
1497 1071 1648 1117 scripto-

999 1134 1055 1156 res
1062 1124 1193 1165 perulas
1206 1121 1320 1166 (Galli
1327 1123 1453 1167 perles)
1461 1123 1648 1157 vocant-C.

998 1177 1203 1220 —Stringere
1211 1188 1325 1207 venas.
1333 1175 1354 1208 J
1359 1174 1444 1207 ussit
1453 1173 1599 1208 conflari
1609 1174 1648 1207 in

998 1240 1106 1261 unam
1115 1240 1262 1262 massam
1269 1227 1455 1273 pulverem
1464 1227 1540 1260 auri
1551 1235 1587 1260 et
1597 1238 1650 1260 ar-

999 1282 1096 1326 genti
1109 1293 1128 1315 e
1138 1281 1236 1315 venis
1252 1289 1354 1315 terrae
1367 1288 1404 1314 et
1417 1279 1550 1314 fodinis
1564 1292 1646 1314 eru-

999 1334 1233 1380 tum.Nempe
1240 1331 1338 1380 quod
1348 1332 1517 1366 effossum
1526 1342 1578 1367 est
1587 1344 1647 1366 au-

998 1399 1080 1420 rum
1095 1394 1288 1432 puteorum
1307 1383 1493 1419 scrobiBus
1503 1410 1514 1428 ‚
1530 1394 1592 1419 aut
1606 1385 1645 1418 in

998 1439 1102 1473 ruina
1109 1439 1286 1472 montium
1294 1438 1364 1472 fuit
1370 1445 1646 1484 repertum‚tun-

997 1491 1112 1534 ditur,
1123 1492 1273 1532 lavatur,
1284 1491 1416 1532 uritur,
1430 1491 1594 1524 mollitur
1606 1490 1646 1523 in

997 1546 1183 1592 pulverem
1197 1571 1207 1588 ‚
1237 1545 1301 1591 qui
1332 1544 1463 1589 deinde
1485 1544 1559 1590 igni
1581 1556 1646 1577 ex-

999 1607 1119 1633 coctus
1130 1598 1166 1632 in
1178 1610 1306 1637 massas
1319 1596 1514 1643 redigitur:
1529 1595 1643 1638 unde,

998 1654 1150 1697 stringere
1177 1664 1282 1684 venas
1297 1676 1308 1693 ‚
1337 1660 1398 1683 etc.
1413 1675 1424 1689 ‚
1456 1649 1644 1696 pulverem

996 1717 1141 1739 aureum
1155 1705 1192 1738 in
1205 1716 1353 1738 massam
1363 1702 1532 1745 conflare,
1542 1702 1643 1737 adhi-

995 1758 1071 1791 bito
1090 1758 1232 1791 fornace
1249 1765 1285 1790 et
1305 1757 1400 1802 igne.
1425 1756 1474 1788 A.

1042 1816 1100 1850 68.
1129 1817 1212 1848 Vitio
1237 1825 1343 1847 tamen
1368 1815 1495 1857 uticum]
1513 1813 1645 1847 Pecca-

996 1877 1097 1910 tum,
1111 1868 1180 1902 hoc
1201 1868 1281 1902 loco
1296 1893 1306 1910 ‚
1324 1867 1446 1901 minus
1467 1874 1539 1908 est,
1558 1863 1643 1912 ‹iuia

995 1921 1084 1955 vitio
1101 1933 1167 1954 suo
1187 1921 1322 1954 fruitur
1333 1944 1344 1961 ‚
1359 1927 1396 1953 et
1418 1931 1461 1953 ex
1482 1931 1526 1952 eo
1543 1918 1645 1953 utili-

997 1981 1105 2008 tatem
1125 1973 1314 2019 quamdam
1331 1971 1500 2019 percipit.

1043 2028 1101 2070 69.
1117 2028 1220 2058 Dicite
1225 2027 1415 2072 pontifices]
1428 2025 1538 2058 Recte
1550 2035 1643 2070 pon-

997 2078 1110 2113 tifices
1147 2078 1341 2124 compellat
1359 2102 1370 2119 ‚
1402 2089 1512 2124 penes
1549 2088 1650 2123 quos.

997 2131 1161 2164 omnium
1192 2140 1374 2164 sacrorum
1409 2140 1495 2162 cura
1515 2152 1525 2169 ‚
1556 2136 1591 2161 et
1622 2139 1642 2161 a

994 2183 1125 2229 quibus
1140 2181 1365 2216 sacerdotum
1383 2181 1530 2226 collegia
1546 2191 1640 2225 pen-

994 2234 1137 2269 debant.
1149 2238 1239 2267 —In
1258 2236 1376 2267 sanctis
1388 2235 1471 2276 quid
1471 2233 1563 2275 facit
1573 2244 1641 2264 au-

993 2301 1064 2320 rum
1074 2294 1092 2320 ,ι’
1103 2287 1238 2321 Sanctis
1250 2298 1317 2332 pro
1330 2285 1510 2319 sacrificiis
1520 2292 1556 2318 et
1566 2297 1642 2318 om-

993 2341 1100 2375 nibus
1109 2341 1193 2375 actis
1205 2339 1388 2386 religiosis.
1403 2340 1543 2372 Aurum
1552 2349 1639 2374 vero

342 2463 387 2492 V.
410 2461 468 2492 65.
487 2462 574 2492 Haec.
590 2462 654 2492 Pro
671 2468 720 2500 et,
736 2472 778 2491 ex
793 2460 865 2491 cod.
884 2466 996 2491 nostro
1009 2469 1019 2497 ;
1035 2466 1067 2489 et
1084 2458 1155 2489 aliis
1169 2457 1350 2500 permultis.

342 2516 383 2544 V.
403 2514 457 2554 69.
475 2515 513 2544 In
530 2513 657 2544 sanctis.
673 2516 747 2544 Vet.
766 2513 868 2544 schol.
889 2512 962 2543 cod.
979 2511 1232 2549 Mentellianus,
1246 2509 1384 2541 Puteaui
1404 2508 1476 2540 cod.
1493 2515 1630 2539 etnon-

298 2567 382 2598 nulli
399 2568 515 2609 legunt
530 2567 562 2597 in
575 2561 695 2597 sdncto.
713 2566 858 2599 Colbert.
878 2565 1006 2597 Thuan.
1024 2564 1183 2596 Mazarin.
1205 2563 1242 2594 in
1265 2554 1347 2598 Sco]
1364 2557 1438 2598 alii;
1452 2559 1486 2589 in
1509 2559 1608 2589 sacris
1618 2570 1635 2595 ,-

296 2621 430 2661 quidam
446 2621 482 2651 in
500 2620 614 2662 templo
626 2644 636 2658 ,
650 2632 709 2651 seu
723 2620 755 2651 in
775 2618 895 2661 templis
905 2642 915 2656 ,
932 2626 964 2650 et
980 2629 1016 2650 ea
1030 2618 1129 2649 lectio
1143 2617 1286 2659 glossam
1302 2614 1447 2646 redolet:
1462 2623 1525 2644 nos
1536 2623 1612 2643 vero
1624 2634 1634 2650 ,

294 2673 331 2702 in
349 2680 435 2703 tanta
451 2673 605 2704 codicum
623 2673 826 2704 dissentione
839 2695 848 2711 ,
870 2671 903 2702 in
921 2671 1038 2702 sanctis
1052 2670 1279 2713 praetulimus3
1299 2668 1423 2710 quippe
1441 2664 1515 2708 quae
1532 2665 1632 2696 lectio

294 2726 454 2766 reperitur
467 2727 556 2767 apud
569 2726 795 2770 Lampridium
810 2726 847 2757 in
862 2724 1051 2761 Alexandro
1061 2747 1070 2764 ,
1086 2723 1146 2755 ubi
1163 2723 1281 2754 citatur
1291 2732 1404 2754 versus
1417 2719 1528 2752 Persii.
1549 2717 1634 2750 Cod.

292 2783 406 2808 noster
414 2800 423 2817 ,
442 2777 474 2808 in
492 2788 592 2809 sacro.
