1846 3184
383 264 818 331 Exaefflcrssn‘ro:
845 273 1060 317 SATIR„
1088 273 1312 317 LIBRO.
1433 277 1515 327 241

740 357 944 396 CLXII.

234 427 454 478 Vappones.

732 487 967 525 CLXIII.

238 551 428 604 Aquilam

751 615 965 653 CLXIV.

240 680 407 719 Gulioca
434 681 644 728 καρυοτόμια.
670 678 876 717 Gulliocae.

712 801 1009 846 VERSUS

192 926 350 975 Aliquot
357 926 464 961 citati
471 924 625 973 quidem
638 924 775 959 omisso
792 923 958 958 auctoris·
971 922 1125 958 nomine
1135 949 1149 967 ‚
1167 930 1239 958 aut
1242 934 1457 971 perperam
1469 922 1537 958 ad-

323 991 462 1039 scrtpto
470 1017 483 1035 ,
506 1003 533 1026 a
558 990 678 1025 doctis
705 997 835 1025 tamen
856 989 972 1024 Lum
980 1000 1048 1025 ιιι
1077 1000 1158 1024 esse
1183 989 1403 1025 existImati.

770 1111 801 1147 C
812 1112 844 1147 L
856 1112 895 1148 X
903 1113 951 1147 V.

258 1202 504 1212 ..........
526 1174 648 1223 Cujus
666 1187 745 1212 non
759 1174 886 1212 audeo
904 1174 1033 1212 dicere
1049 1176 1219 1213 nomen?

249 1239 355 1288 Quid
371 1213 510 1286 refert,
530 1239 644 1276 dictis
660 1239 833 1290 ignoscat
850 1240 1021 1285 Mutius,
1040 1252 1090 1277 an
1107 1252 1205 1277 non.
1197 1241 1214 1264 ³

763 1304 793 1340 C
804 1305 836 1340 L
847 1305 886 1340 X
896 1306 930 1340 V
940 1306 970 1341 Ι.

259 1395 850 1405 .......................
874 1367 1040 1405 Granius
1061 1376 1192 1406 antem

250 1435 339 1470 Non
357 1439 604 1470 contemnere
623 1444 663 1469 se
675 1460 686 1478 ‚
703 1439 742 1470 et
756 1444 864 1482 reges
882 1431 1011 1470 odisse
1030 1433 1231 1483 superbos.

403 1544 405 1546 ,
745 1497 775 1532 c
787 1499 820 1533 L
832 1497 871 1532 x
880 1497 915 1531 v
926 1498 943 1532 1
956 1497 987 1532 1.

251 1561 384 1608 Quid?
398 1563 498 1598 Puto
516 1569 554 1598 te
572 1561 612 1598 iu
630 1559 705 1598 hoc
724 1568 792 1597 aut
809 1560 935 1598 risisse
946 1589 958 1606 ‚
975 1569 1043 1598 aut
1061 1561 1294 1612 ingemuisse
1305 1590 1316 1607 ,

251 1628 307 1664 Ut
324 1625 491 1663 frontem
510 1625 633 1662 ferias.
826 1646 830 1649 Δ

736 1690 766 1726 C
779 1691 810 1725 L
822 1690 904 1726 XV
914 1690 933 1725 I
946 1691 964 1725 1
976 1691 1007 1725 Ι.

253 1752 451 1804 Displiceo
469 1752 565 1790 mihi
576 1762 676 1798 ,nec
695 1752 776 1789 sine
795 1764 949 1789 summo
969 1752 1095 1789 scribo
1113 1751 1263 1790 dolore.

765 1817 795 1853 C
806 1817 837 1852 L
849 1819 889 1853 X
901 1819 920 1853 I
935 1818 986 1854 X.

255 1882 291 1918 0
307 1879 448 1918 domus
462 1880 641 1931 antiqua!
663 1879 742 1918 heu
756 1878 876 1931 quim
894 1880 1037 1932 dispari
1052 1880 1252 1919 dominare
1266 1879 1427 1919 domino
1445 1882 1453 1916 !

415 1943 421 1946 “
581 1954 602 1976 ο
780 1946 810 1980 C
821 1947 853 1982 L
864 1947 904 1982 X
915 1946 965 1981 X.

256 1998 451 2046 Sustineat
472 2020 651 2054 currum,
667 2016 711 2046 ut
728 2008 849 2045 bonn'
872 2021 972 2059 saepe
989 2008 1176 2060 agitator,
1197 2021 1414 2060 equosque.

762 2073 792 2109 C
804 2075 836 2109 L
846 2075 886 2110 X
896 2074 937 2109 X
947 2074 979 2109 Ι.

258 2137 389 2187 Atque
407 2136 560 2186 aliquos
577 2135 666 2174 ibus
682 2136 732 2174 ab
746 2136 863 2174 rebus
880 2136 1051 2188 clepset-e
1072 2137 1250 2187 foroque.

253 2271 317 2302 162
349 2270 529 2302 Probusin
542 2271 722 2303 Catholicis
734 2273 846 2303 nomi-
952 2272 1027 2302 166.
1045 2271 1114 2303 Cic.
1128 2270 1170 2301 ad
1182 2270 1280 2301 Attio.
1295 2269 1354 2300 lib.
1370 2270 1431 2308 VI,
1445 2280 1500 2312 ep.
1513 2270 1548 2303 3.

204 2333 294 2353 num.
954 2325 1030 2362 167.
1051 2325 1120 2355 Cic.
1140 2323 1183 2353 ad
1195 2323 1294 2353 Auic.
1312 2322 1372 2353 lib.
1391 2325 1426 2361 1,
1443 2335 1494 2365 ep.
1518 2335 1549 2354 1.

255 2376 330 2407 163.
354 2377 557 2409 Glossarium
579 2388 587 2408 :
608 2377 770 2420 Aquilam
790 2378 848 2422 μέ·
954 2377 1028 2406 168.
1046 2377 1115 2407 Cic.
1127 2375 1169 2405 ad
1178 2375 1283 2406 Attio.
1294 2375 1352 2405 lib.
1363 2377 1412 2413 Π,
1426 2387 1478 2418 ep.
1493 2377 1553 2411 18.

204 2429 264 2459 λαν
275 2450 285 2462 ,
304 2429 345 2467 ὣς
360 2430 555 2468 Δουκὶλὶψος.
955 2429 1031 2468 169.
1050 2428 1166 2459 Cicero
1175 2450 1185 2466 ‚
1198 2427 1239 2458 de
1258 2427 1404 2465 officiis,
1417 2429 1478 2459 lib.
1490 2431 1520 2461 L
1592 2447 1598 2451 -

258 2478 334 2515 164.
348 2481 551 2513 Glossarium
567 2492 576 2511 ε
597 2481 770 2518 Gnllioca,
789 2492 851 2513 κα·
954 2481 1107 2519 170.Cic.
1117 2479 1553 2524 adAttic.lib.1111‚e1‘›.‚2x.·

206 2530 362 2575 pum-69⁴2
373 2532 533 2565 Gulliocae
547 2533 651 2579 κάρυα
666 2531 777 2578 μακρὰ,
789 2545 853 2566 πει-
955 2544 1032 2572 171.
1059 2535 1183 2572 Varro,
1201 2532 1260 2564 lib.
1279 2535 1338 2572 VI,
1354 2534 1458 2566 del..
1479 2535 1556 2566 Lu.-

209 2581 251 2625 ρὰ
271 2583 455 2628 Λουκιλλίῳ.
664 2622 670 2626 Ἴ
907 2585 1049 2627 Clepsere
1067 2586 1171 2625 dixit,
1186 2587 1275 2617 unde
1294 2587 1393 2619 etiam
1409 2587 1466 2620 alii
1482 2588 1549 2619 cle-

263 2634 338 2668 165·
359 2637 526 2670 Juvemlis
537 2662 548 2680 ,
564 2639 622 2671 lib.
638 2641 675 2679 I,
690 2645 746 2671 sat.
772 2650 800 2681 ¹:
899 2650 1000 2681 pere,
1018 2639 1054 2670 id
1072 2646 1136 2679 θείῃ
1149 2639 1318 2682 corripere.

1270 2708 1324 2750 16
