1846 3184
311 285 396 341 298
570 288 619 330 C.
659 287 922 349 LUCJLII
956 291 1385 339 FRAGMENTA

916 376 956 413 X
966 377 998 412 L
1011 378 1045 415 1.

359 433 407 470 In
425 433 600 473 medium
617 435 822 484 Chremes,
840 438 882 477 in
900 452 1100 480 summum
1116 441 1173 481 ire
1191 444 1451 483 Daemenetus.

881 500 938 540 ‘X
948 506 979 541 L
992 506 1010 541 1
1023 507 1056 542 1.

358 563 512 614 Aquam
530 572 568 602 te
588 565 629 602 in
648 565 780 603 animo
797 567 944 605 habere
963 568 1210 610 intercutem.

884 634 925 671 X
934 634 967 670 L
979 629 999 670 1
1011 635 1030 670 I
1042 635 1073 671 Ι.

358 694 486 738 Quare
505 705 576 743 pro
597 692 693 730 facie
706 721 717 739 ‚
734 706 808 744 pro
827 702 976 734 statura
993 704 1128 735 status.

530 792 533 797 .
888 763 929 798 X
941 763 973 799 L
985 763 1004 798 1
1014 764 1061 799 V.

366 847 480 855 .....
500 822 675 871 Quaeque
693 831 852 872 aspectu
870 832 962 861 sunt
983 837 1123 875 spurca
1142 835 1182 864 et
1199 828 1333 867 odore.

907 889 947 925 X
959 891 991 926 L
1000 892 1048 927 V.

355 947 578 986 Fulmentas
597 949 652 986 eis
669 958 787 1001 atque
805 952 920 989 aeneis
941 953 1173 993 subcudere.

893 1019 932 1054 X
944 1020 976 1054 L
985 1021 1020 1056 V
1028 1021 1060 1056 1.

358 1078 438 1114 Nec
456 1090 526 1127 par
543 1086 656 1117 vocat
673 1079 759 1118 ullo
781 1081 922 1132 pretio.

803 1182 808 1189 ,
873 1134 912 1183 X
925 1149 956 1184 L
964 1148 1000 1184 v
1011 1149 1030 1184 1
1040 1148 1075 1184 1.

354 1207 511 1258 Conjice
531 1215 568 1245 te
586 1208 688 1247 intro
700 1238 711 1257 ‚
728 1223 772 1248 ac
793 1207 899 1248 bono
920 1212 1051 1249 animo
1071 1225 1125 1250 es.

861 1278 900 1313 X
913 1277 944 1312 L
953 1277 988 1312 V
999 1278 1017 1313 1
1031 1278 1049 1313 1
1063 1278 1095 1313 Ι.
1241 1316 1244 1320 ,

352 1335 457 1373 Nihil
477 1330 583 1387 parvi
599 1350 643 1376 ac
660 1339 769 1390 pensi
781 1368 792 1386 ,
809 1340 868 1377 uti
887 1340 1014 1378 littera
1030 1340 1170 1379 doceas
1185 1341 1326 1382 lutum.

889 1407 928 1443 X
941 1409 972 1444 L
983 1408 1002 1443 Ι
1014 1408 1066 1443 X.

350 1467 513 1516 Hymnis
525 1481 597 1518 ego
613 1468 787 1506 animum
806 1470 861 1507 sic
877 1470 1024 1507 induco
1037 1499 1048 1516 ,
1066 1471 1175 1522 quod
1193 1479 1235 1509 tu
1251 1471 1301 1509 ab
1318 1472 1453 1510 insano
1467 1472 1629 1511 auferas.

819 1608 1126 1621 mmmm

433 1708 527 1752 EX
564 1708 784 1753 LIBRO
820 1710 1014 1755 XXIX
1055 1711 1495 1758 SATIRARUM.

954 1833 985 1868 I.

356 1921 790 1931 .................
811 1896 895 1932 Hoc
917 1897 1009 1933 esim
1028 1894 1165 1933 feceris
1179 1925 1190 1942 ,

347 1959 448 1995 Cum
466 1958 612 1994 caeteris
631 1969 719 1995 reus
740 1946 819 1996 u'na
836 1959 1012 1998 tradetur
1031 1961 1146 2011 Lupo
1162 1974 1171 1996 ε

343 2023 434 2059 Non
448 2021 592 2059 aderit:
610 2024 723 2070 ἄρχαις
747 2022 947 2062 hominem
964 2033 1003 2063 et
1022 2025 1172 2070 ςοιχεὶοις
1189 2024 1319 2062 simul.

342 2085 533 2132 Privabit‚
552 2087 645 2123 cilm
664 2086 745 2138 igni
763 2096 802 2124 et
819 2101 921 2139 aqua
941 2089 1184 2128 interdixerit
1197 2118 1207 2135 ‚
1227 2090 1310 2127 duo

342 2153 494 2195 Στοιχεῖα
511 2150 628 2188 habet
639 2179 651 2198 ,
669 2150 711 2188 id
729 2151 909 2190 maluerit
924 2168 932 2189 :
954 2153 1111 2204 privatis
1130 2162 1274 2191 tamen.

338 2281 393 2312 41.
411 2275 560 2307 Nonius:
579 2276 630 2306 Ire
646 2282 694 2306 est
711 2275 889 2307 ambulare.
1040 2282 1094 2315 47.
1113 2277 1263 2307 Nonius:
1282 2278 1323 2307 Es
1334 2299 1344 2313 ,
1362 2287 1425 2319 pro
1445 2282 1528 2307 esto.

338 2335 394 2366 4²·
419 2329 574 2360 Nonius:
598 2330 700 2370 Aqua
720 2328 857 2360 intercus
873 2329 938 2370 hy·
1038 2329 1094 2365 48.
1129 2329 1261 2360 Nouius
1281 2340 1289 2358 ε
1314 2330 1452 2359 Pensum
1479 2325 1641 2370 significat

287 2382 434 2425 dropum
459 2382 614 2414 morbus:
635 2382 730 2424 quasi
747 2393 834 2424 aqua
850 2383 938 2415 inter
989 2389 1216 2425 exaeqmtum,
1230 2382 1322 2424 qubd
1336 2382 1411 2414 sine
1423 2382 1639 2414 inclinatione

288 2444 409 2468 cutem.
989 2443 1069 2468 sunt
1078 2459 1088 2475 ‚
1100 2447 1175 2479 quae
1191 2435 1397 2478 penduntur.

334 2492 389 2527 43.
407 2490 559 2522 Nonius:
580 2479 724 2529 Statura,
735 2486 845 2534 gener.
858 2490 934 2522 fem.
1036 2488 1637 2531 49.Nonim21ndeaeem‚penuadere.

333 2549 389 2580 44.
406 2544 556 2575 Nonius:
577 2546 752 2586 Spurcum,
769 2544 922 2576 fetidum.
1039 2554 1068 2574 1.
1083 2542 1231 2580 Probus,
1246 2542 1283 2573 in
1294 2541 1429 2584 Virgilii
1446 2541 1549 2585 eclog.
1564 2543 1613 2573 VI
1627 2552 1635 2571 :

335 2603 354 2631 4
360 2598 388 2626 5.
398 2593 529 2628 Νὸῖιὶιιι
539 2608 547 2628 :
561 2598 731 2629 Fulmenea
738 2621 750 2636 ,
763 2598 935 2629 feminino.
988 2598 1022 2630 Si
1030 2607 1110 2639 ergo
1118 2596 1240 2628 coelnm
1247 2606 1310 2638 pro
1318 2595 1388 2638 igni
1397 2594 1635 2637 acceperimus,

334 2649 388 2684 46.
397 2651 540 2682 Nonius:
551 2650 692 2685 Pretium
701 2651 936 2695 dicitur,quod
989 2657 1138 2693 superest
1162 2650 1200 2681 in
1225 2660 1266 2681 eo
1292 2648 1385 2692 quod
1410 2649 1456 2680 ait
1474 2660 1482 2679 :
1504 2647 1637 2691 Spiritus

285 2712 320 2732 re
333 2701 443 2745 empti
458 2704 567 2737 datur.
990 2704 1074 2737 incus
1087 2703 1170 2751 alic,
1189 2704 1297 2736 afirem
1315 2703 1442 2736 dictum
1456 2711 1636 2747 prmum-
