1846 3184
329 331 410 375 156

657 331 709 372 A.
741 329 988 374 PERSII
1029 331 1283 374 FLACCI

381 412 622 471 Supplicet‚
641 412 866 455 accedam?
883 414 929 465 Si
951 424 1064 456 totus
1086 425 1128 456 et·
1147 414 1309 473 integer
1330 412 1449 456 illinc

380 490 572 543 Exieras‚
588 505 667 532 nec
679 506 852 532 nunc....
868 491 968 545 Hic,
980 491 1072 545 hic,
1088 506 1217 549 quem
1231 492 1483 549 quaerimus,
1496 490 1570 533 hic
1582 500 1668 543 est;

381 567 482 609 Non
501 568 547 608 in
569 567 731 608 festuca
744 599 755 621 ,
771 567 897 608 lictor
920 582 1051 624 quam
1066 569 1196 624 jactat
1214 568 1399 626 ineptus.

1601 571 1666 619 175

379 643 403 684 J
406 659 456 685 us
477 643 607 685 habet
627 643 700 684 ille
724 643 790 684 sui
814 643 942 701 palpo
955 675 968 697 ,
991 658 1122 701 quem
1145 643 1265 686 ducit
1285 644 1476 685 hiantem

323 782 377 817 Ex
390 781 590 817 Menandro
599 790 634 816 et
643 782 789 815 Terent.
799 781 966 815 Eunuch.

323 848 420 870 scen.
455 848 486 869 1.
512 847 560 883 ex
591 844 750 881 utroque
776 835 946 868 Horatius
958 860 969 876 ‚

324 890 387 923 lib.
422 890 485 932 ΙΙ,
511 898 574 924 sat.
605 890 624 924 3
642 915 652 933 ,
683 897 718 924 et
748 889 891 923 Persius
926 901 972 923 ex

323 942 404 976 illis.
425 942 466 976 P.

376 996 453 1041 173.
475 997 511 1028 Si
527 1006 609 1029 totus
626 1005 659 1040 ‘f‘
673 997 815 1039 integer,
832 993 908 1039 eea]
933 992 970 1027 Si

325 1057 426 1091 toto,
449 1049 568 1095 pergit
594 1050 734 1091 Davus,
758 1048 912 1090 exieras,
936 1056 971 1082 et

324 1103 465 1149 integro
478 1103 598 1136 animo
617 1115 661 1136 ex
674 1102 745 1136 hoc
759 1103 884 1136 insano
897 1113 971 1135 me-

325 1156 464 1190 retricis
494 1168 614 1190 amore
635 1169 645 1200 ;
666 1170 736 1203 ‚nec
761 1169 848 1189 nunc
866 1181 876 1195 ,
907 1154 972 1190 etsi

326 1219 501 1253 accersat,
515 1209 714 1244 accederes.
734 1210 775 1243 L.

376 1269 432 1310 74.
461 1267 529 1297 Nec
555 1267 670 1309 nuncu]
698 1264 766 1297 Hic
792 1262 915 1306 locus,
932 1272 975 1299 ut

327 1318 493 1352 observat
507 1318 687 1364 interpres
705 1317 865 1351 Gallicus
880 1318 977 1358 Se'lis,

326 1371 417 1405 mire
435 1371 540 1405 torsit
558 1372 792 1417 interpretes;
811 1370 874 1404 sed
893 1384 975 1417 per·

326 1435 452 1470 peram
473 1432 570 1458 certe
589 1437 596 1456 :
619 1436 702 1457 nam
725 1424 817 1457 nihil
839 1424 976 1470 simpli-

327 1477 643 1524 cius.Supradicta
655 1478 684 1512 si
695 1482 741 1524 τῷ
752 1490 811 1509 nec
821 1490 907 1509 nunc
918 1476 978 1510 ad-

326 1530 490 1576 junxeris
499 1556 509 1572 ‚
523 1542 647 1564 sensus
660 1530 746 1564 erit:
760 1529 849 1564 dicis
859 1555 870 1572 ,
886 1529 977 1576 quid

328 1583 480 1618 faciam?
493 1583 530 1617 Si
543 1596 600 1617 me
611 1591 713 1619 vocet
721 1595 799 1617 mea
811 1583 936 1624 amica,
947 1582 976 1616 si

329 1637 427 1671 ultro
434 1637 676 1684 supplicet‚ne
685 1649 785 1671 nunc
794 1636 976 1671 accedam?

331 1692 537 1737 Queferai—je
545 1693 574 1724 .ςί
579 1705 633 1724 ma
643 1694 747 1724 bonne
753 1693 837 1723 amie
843 1703 893 1723 me
902 1703 978 1734 rap-

324 1746 413 1788 pelle
419 1750 436 1777 ,ἃ
450 1747 486 1778 Si
496 1747 556 1786 elle
573 1759 623 1778 me
637 1746 777 1788 supplie,
792 1746 933 1789 aurai-je
947 1747 981 1777 Ia

330 1797 445 1828 darete!
458 1798 498 1829 de
516 1799 550 1829 la
568 1797 717 1840 reficser?
734 1796 789 1829 Ita
799 1821 810 1838 ‚
825 1803 921 1833 certe
931 1820 942 1838 ‚
957 1797 979 1829 ὁ

331 1848 566 1884 Chaerestmte
582 1875 593 1891 ‚
617 1850 647 1884 si
673 1861 780 1883 sanus
806 1857 842 1883 et
866 1848 982 1883 victor

331 1915 378 1936 ex
397 1903 468 1936 hoc
488 1902 659 1937 conflictu
684 1903 794 1937 animi
815 1902 869 1936 tui
887 1901 983 1936 exie-

331 1968 388 1990 ras
402 1982 412 1998 ,
439 1956 467 1990 si
495 1957 587 1990 liber
623 1969 779 1991 evaseras
810 1955 960 1990 omnino
971 1980 982 1996 ‚

333 2023 392 2043 nec
406 2021 492 2042 nunc
510 2010 685 2056 (supple)
700 2009 906 2052 accederes;
920 2006 984 2042 sed

333 2065 371 2098 in
391 2064 580 2110 proposito
603 2072 668 2097 tuo
691 2071 896 2098 constanter
914 2070 983 2095 sta-

333 2131 400 2153 res.
427 2119 532 2152 Tunc
554 2121 662 2165 poeta
683 2116 891 2151 concludit:
908 2117 979 2155 hic,

336 2173 389 2205 hie
402 2197 413 2211 ‚
443 2183 538 2214 quem
572 2172 747 2214 quaerz‘mus
761 2196 770 2208 ,
797 2169 955 2202 liberum
968 2193 979 2209 ‚

334 2237 409 2260 non
424 2225 702 2260 Chaerestratum
718 2222 838 2257 adhuc
852 2221 980 2256 vincu-

333 2279 378 2313 lis
391 2279 521 2313 amoris
530 2278 711 2312 irretitum
721 2286 757 2312 et
770 2284 980 2317 nutantem;

335 2332 401 2367 sed
422 2344 507 2366 eum
525 2333 695 2378 juvenem
714 2330 846 2364 fortem
863 2328 982 2362 animo

337 2395 375 2421 et
392 2382 591 2433 sapientem
610 2385 692 2432 qui,
707 2383 843 2418 etiamsi
860 2395 880 2417 a
895 2395 983 2429 sup·

1021 782 1170 829 plicanti
1184 790 1219 816 et
1231 782 1441 830 lacrymanti
1453 781 1603 815 muliere
1616 793 1671 814 re-

1022 845 1175 871 vocetur
1185 860 1196 877 ,
1211 835 1284 869 non
1303 834 1452 869 accedit.
1463 837 1598 874 -Hic,
1619 835 1672 866 hic

1024 902 1120 933 quem
1150 890 1335 932 quoen'mus.
1366 888 1418 922 Ea
1447 896 1532 922 sunt
1561 887 1671 921 verba

1024 942 1154 985 Persii3
1168 942 1320 976 scilicet:
1333 942 1398 988 qui
1410 942 1564 976 oblatam
1574 953 1673 986 sper·

1023 997 1077 1031 nit
1085 997 1306 1031 occasionem
1313 995 1497 1042 explendae
1503 994 1674 1034 libidinis,

1026 1050 1089 1099 qui
1108 1059 1206 1085 totus
1228 1057 1264 1083 et
1287 1049 1427 1094 integer
1449 1048 1523 1082 exit
1547 1060 1566 1082 e
1583 1060 1676 1094 prae-

1023 1105 1093 1147 lio,
1104 1103 1164 1138 hic
1177 1111 1229 1137 est
1242 1102 1333 1136 liber
1346 1114 1455 1148 quem
1468 1100 1673 1147 quaerimus.

1030 1160 1079 1193 Et
1090 1168 1143 1193 est
1155 1157 1221 1192 alia
1231 1156 1339 1191 lectio
1353 1164 1389 1191 et
1402 1154 1652 1201 interpretatio
1664 1166 1673 1186 :

1029 1215 1058 1247 si
1078 1222 1160 1245 totus
1185 1221 1219 1244 et
1242 1213 1381 1255 intem,
1402 1208 1524 1255 inquit
1546 1210 1678 1254 poeta,

1029 1265 1164 1302 exieris,
1181 1261 1210 1296 si
1225 1274 1271 1296 ex
1287 1261 1359 1295 hoc
1377 1258 1550 1294 conflictu
1565 1256 1675 1291 animi

1030 1317 1084 1351 tui
1092 1316 1207 1350 victor
1221 1323 1257 1349 et
1270 1326 1374 1348 sanus
1387 1311 1558 1355 evaseris3
1569 1323 1656 1343 nunc
1665 1334 1677 1349 ,

1030 1383 1136 1409 nunc,
1162 1377 1198 1403 te
1221 1368 1379 1402 liberum
1405 1376 1556 1413 agnosco
1569 1377 1580 1407 ;
1603 1365 1675 1403 hic,

1032 1425 1083 1456 hic
1113 1431 1189 1465 est,
1215 1434 1310 1466 quem
1341 1421 1536 1464 quaerimus‚
1558 1417 1677 1464 pergit

1029 1480 1136 1523 poeta
1147 1502 1158 1518 ‚
1173 1475 1317 1523 juvenis
1336 1474 1455 1508 animo
1471 1471 1573 1507 fortis
1587 1479 1623 1505 et
1635 1470 1678 1503 li·

1029 1531 1096 1563 ber
1108 1538 1143 1563 et
1159 1529 1310 1575 sapiens.
1325 1526 1409 1561 Haec
1425 1524 1677 1572 interpretatio

1028 1582 1143 1630 priori
1152 1579 1403 1627 anteponenda
1413 1580 1508 1613 soret
1519 1603 1530 1620 ‚
1543 1577 1611 1611 nisi
1620 1577 1679 1610 in·-

1028 1643 1164 1682 gratam
1185 1634 1362 1680 praeberet
1386 1630 1618 1677 tautologiam
1637 1629 1677 1662 in

1028 1690 1083 1724 his
1097 1714 1108 1731 ‚
1133 1702 1219 1722 nunc
1233 1712 1243 1726 ‚
1271 1699 1358 1720 nunc
1369 1711 1382 1726 ,
1410 1687 1463 1718 hic
1471 1710 1483 1725 ,
1512 1685 1585 1717 lu'c:
1613 1682 1677 1717 sed

1033 1742 1155 1779 videat
1171 1742 1295 1776 lector.
1314 1740 1356 1773 A.

1084 1795 1162 1842 175.
1183 1797 1257 1828 Non
1275 1795 1309 1826 in
1316 1793 1473 1837 festuca]
1488 1789 1579 1824 'ralis
1591 1801 1680 1824 vero

1034 1861 1110 1884 non
1138 1856 1212 1890 est,
1234 1859 1342 1895 quem
1366 1852 1501 1892 praetor
1520 1842 1694 1878 vindicta

1036 1902 1121 1936 facit
1132 1898 1289 1936 liberum
1307 1898 1423 1941 civili,
1443 1895 1544 1944 quod
1566 1908 1683 1930 unum

1035 1963 1155 2002 potest
1165 1980 1176 1997 ‚
1192 1954 1366 1988 libertate.
1376 1955 1575 1985 -Feseuca.
1593 1948 1683 1982 Vin-

1037 2008 1131 2044 dicta
1163 2007 1328 2043 Praetoris
1354 2034 1364 2049 ,
1399 2005 1516 2052 κάρφος
1541 2018 1551 2046 ;
1580 2001 1682 2037 unde

1035 2063 1236 2105 exfestucare
1252 2086 1263 2100 ,
1289 2060 1327 2094 in
1351 2059 1491 2105 legibus
1516 2056 1682 2090 Aleman-

1035 2127 1170 2149 norum
1194 2122 1230 2147 et
1254 2112 1449 2153 saxorum,
1467 2119 1503 2145 et
1525 2108 1685 2143 historiis

1035 2180 1163 2202 eorum
1181 2176 1399 2212 temporum.
1421 2165 1462 2198 C.
1567 2206 1571 2208 ἢ

1084 2223 1162 2265 176.
1179 2223 1235 2252 Jus
1247 2221 1345 2251 habet
1355 2220 1408 2250 ille
1418 2219 1470 2250 sui
1473 2218 1594 2260 palpo,
1608 2216 1682 2258 eea]

1034 2272 1142 2308 Aliud
1156 2272 1360 2318 exemplum
1373 2268 1545 2316 proponit
1557 2267 1602 2301 de
1611 2279 1683 2300 am·

1034 2327 1179 2360 bitioso.
1201 2325 1255 2358 An
1270 2349 1280 2366 ‚
1303 2322 1447 2369 inquit,
1471 2321 1550 2355 talis
1569 2320 1683 2353 homo

1035 2380 1144 2414 habet
1156 2378 1213 2412 sui
1229 2383 1442 2424 potestatem
1461 2382 1497 2408 et
1513 2372 1622 2407 animi
1640 2372 1684 2405 li-

384 2519 426 2548 V.
458 2522 534 2556 174.
559 2514 697 2546 Exieras
713 2538 725 2551 ,
753 2524 812 2544 nec
837 2522 936 2543 nunc.
966 2512 1015 2542 Ita
1037 2516 1102 2540 vet.
1131 2506 1234 2539 schol.
1260 2505 1356 2537 codd.
1383 2503 1527 2536 Colhert.
1554 2504 1605 2540 11,
1627 2503 1679 2533 111

339 2571 504 2613 (colbert.
517 2572 552 2607 Ι,
569 2564 634 2599 noh
654 2566 763 2610 nunc)
773 2590 784 2605 ,
805 2566 905 2608 codd.
925 2575 1059 2607 quoque
1078 2560 1267 2598 Fauchetii,
1279 2558 1407 2590 Pithoei
1426 2557 1525 2595 alter,
1537 2555 1679 2587 Mentel-

338 2622 457 2653 lianus.
473 2623 519 2653 At
538 2628 604 2652 vet.
623 2620 674 2651 ed.
692 2620 770 2651 Brit.
792 2618 890 2650 codd.
912 2616 1069 2654 Puteani,
1082 2614 1211 2646 Thuan.
1231 2609 1387 2644 Mazarin.
1405 2616 1537 2649 noster,
1551 2615 1583 2641 et
1603 2607 1682 2644 alii,

341 2674 458 2705 exieris
467 2686 479 2710 ;
500 2686 586 2705 nunc
595 2697 606 2711 ‚
623 2684 719 2704 nunc.

390 2747 430 2775 V.
451 2756 462 2774 1
473 2746 523 2784 76.
541 2745 645 2776 Ducit.
659 2746 713 2776 ⁴Ita
728 2754 842 2776 omnes
860 2741 971 2775 nostri
989 2739 1085 2773 codd.
1098 2740 1172 2772 Vet.
1187 2735 1290 2770 schol.
1305 2734 1414 2773 solus,
1431 2733 1522 2765 tollit.
