1846 3184
1198 0 1223 14 ’ψ
1232 0 1618 27 -“π·τ·π·-πιπττ“·ψ”,

695 305 731 347 Ρ
744 304 783 346 R
796 304 836 346 Ο
849 304 883 346 L
898 303 938 345 Ο
952 303 991 346 G
1004 303 1046 344 U
1058 301 1100 344 S.
1540 304 1565 346 3

302 391 391 435 Illis
413 389 606 440 remitto,
626 400 811 444 quorum
833 385 1037 442 imagines
1057 382 1255 425 lambunt
1546 389 1568 424 5

298 465 475 508 Hederae
498 476 721 520 sequaces:
744 461 834 519 ipse
856 460 1149 518 semipaganus

294 539 365 583 Ad
387 553 503 582 sacra
518 549 664 580 vatum
687 550 856 578 carmen
878 534 1013 576 affero
1034 544 1241 576 nostrum.

234 678 305 714 hoc
320 677 420 719 loco,
438 675 484 711 de
501 676 601 710 fonte
614 673 815 708 Heliconio.
827 674 875 707 At

233 733 319 766 cum
336 742 379 765 ex
400 729 567 764 omnibus
592 727 726 762 Latinis
746 735 875 760 notum

233 783 280 818 sit
299 783 453 817 Pirenen
483 782 620 816 fontem
645 780 757 814 Musis
779 778 875 813 dica-

234 844 314 870 tum
323 860 335 878 ‚
347 835 417 869 illis
427 833 876 869 „sentimum—Pallidum.

233 887 292 922 sie
320 900 398 922 eam
426 895 531 921 vocat
562 885 703 919 Persius
723 909 735 925 ‚
764 884 876 930 quia,

233 941 299 989 qui
326 940 527 987 plurimum
554 937 701 972 student
717 962 727 978 ,
752 935 876 983 pauidi

230 993 327 1028 fiunt
339 1005 350 1035 ς
362 993 418 1027 vel
429 992 521 1026 forte
531 990 576 1025 ad
586 991 741 1029 fabulam
751 989 797 1023 de
806 989 876 1022 ori-

231 1046 315 1094 gine
327 1045 438 1080 fontis
450 1042 737 1078 Pirenesalludit.
746 1042 875 1076 C.etA.

282 1098 318 1133 5.
335 1101 403 1132 111ιέ
422 1099 570 1140 remitto]
591 1096 669 1129 Hoc
691 1104 742 1129 est
761 1095 874 1128 ambi·

231 1149 543 1186 tiosishominibus
552 1173 563 1189 ‚
577 1148 641 1195 qui
653 1160 726 1185 non
735 1148 874 1181 sincero

231 1204 435 1238 litterarum
463 1201 586 1236 studio
604 1227 616 1243 ‚
643 1213 710 1235 nec
744 1199 875 1234 diviua

231 1257 393 1304 poetices
422 1256 552 1291 intimo
590 1266 695 1289 sensu
724 1253 873 1287 adducti

231 1310 352 1343 Musas
370 1308 517 1351 colunt;
535 1306 598 1341 sed
617 1308 705 1341 vani
722 1304 872 1339 laudum

230 1362 444 1402 ambitioue3
458 1373 499 1395 ac
512 1362 676 1407 perversa
688 1359 871 1392 honorum

230 1414 510 1459 divitiarumque
534 1410 870 1458 cupiditate.—Re-

230 1467 344 1509 *f
365 1465 552 1512 Signatum
581 1463 734 1498 verbum
770 1461 870 1509 apud

227 1516 344 1554 hoho·
366 1518 580 1563 scriptores,
603 1516 669 1549 hac
695 1515 865 1558 notione,

228 1573 313 1606 cum
331 1570 469 1618 aliquid
481 1571 746 1617 παραιτώμεθα,
765 1577 800 1602 et
813 1581 868 1602 re-

224 1623 370 1671 jicimufl
396 1622 454 1657 vel
480 1621 710 1655 oblatum.—
725 1623 867 1662 Quorum

227 1677 393 1721 imagines.
410 1676 531 1708 Romae
543 1698 554 1715 ‚
570 1682 612 1707 nt
625 1675 696 1719 jam
710 1672 868 1707 vidimus

225 1727 267 1764 in
273 1728 359 1762 Juv.
370 1734 564 1762 comment.
575 1750 586 1767 ‚
596 1726 633 1758 in
643 1725 868 1759 bibliothecis

227 1789 309 1816 tum
327 1779 503 1828 publicis,
521 1787 599 1813 tum
614 1779 761 1825 privatis
772 1803 782 1819 ‚
801 1779 868 1812 im-

226 1833 354 1880 primis
377 1834 416 1867 in
439 1832 613 1879 Apollinis
640 1831 787 1865 Palatini
811 1832 867 1865 bi-

226 1885 358 1920 blioth.
380 1893 528 1925 statua,
550 1884 719 1929 imagines
744 1887 867 1929 poeta-

228 1949 312 1972 rum
323 1950 397 1972 non
411 1936 521 1971 modo
537 1936 686 1970 solemni
700 1936 866 1970 instituto

228 1991 359 2032 dicari,
379 1990 441 2024 sed
459 1998 495 2024 et
515 1989 647 2023 hedera
658 1988 787 2023 virenti
807 2000 866 2022 co·

228 2043 350 2078 ronari
365 2042 536 2077 solebant.
553 2042 638 2075 Juv.
653 2049 718 2074 sat.
732 2042 820 2075 vn.

226 2102 271 2132 Ut
291 2100 402 2141 diguus
418 2100 522 2130 venias
542 2099 664 2129 hederis
682 2105 715 2128 et
734 2098 866 2139 imagine

226 2156 453 2226 -Ιῗιὲῒῖἳητ,
476 2165 625 2239 Proprie
645 2192 773 2226 leviter
792 2192 863 2225 lin-

223 2254 468 2293 mauguin,
482 2245 582 2292 quod
595 2245 798 2279 translatum
810 2254 862 2279 est

225 2311 247 2335 a
269 2299 415 2333 canibus
430 2324 440 2339 ‚
464 2299 565 2344 queis
590 2298 780 2344 proprium
809 2305 862 2331 est

89 2342 92 2344 v
187 2378 198 2384 .,
223 2351 414 2385 lambendo
435 2351 571 2384 bibere.
588 2351 691 2397 Virg.
710 2349 858 2384 Aeneid.

223 2400 285 2438 lib.
303 2405 364 2446 11,
380 2417 413 2439 v.
429 2405 522 2437 682:

226 2483 430 2492 .......
452 2463 611 2501 'factuque
630 2461 757 2491 innoxia
773 2461 861 2491 molli

223 2506 374 2538 lambere
398 2507 519 2537 flamma
543 2517 666 2544 eomas,
690 2514 722 2537 et
745 2508 857 2538 circum

304 2560 444 2595 “upon
460 2554 555 2594 Puti-

927 672 1004 705 Hoc
1016 672 1116 713 loco,
1129 672 1279 718 cingunt
1288 673 1303 712 ‚⁷
1317 670 1543 706 circumeunt
1556 696 1568 713 ‚

925 724 1206 771 amplectuntur.
1223 722 1265 757 C.
1285 731 1320 757 et
1334 727 1480 756 Prateus.

973 790 1009 821 6.
1038 789 1173 820 Hederoe
1204 799 1363 830 sequaces.
1379 786 1392 832 ]
1424 787 1568 828 Quibus

927 843 1044 887 poete
1063 839 1330 874 coronabantur
1342 863 1352 880 ‚
1371 838 1470 885 quod
1491 851 1568 872 om-

929 893 1035 926 nibus
1047 901 1186 926 notum.
1197 891 1336 926 Hedera
1350 899 1468 925 autem
1482 892 1568 926 Bac·

928 944 996 978 clio
1006 944 1120 979 dicata
1129 969 1140 985 ‚
1150 945 1217 978 sub
1227 946 1284 991 cuj
1290 956 1330 978 us
1340 944 1451 978 tutela
1461 945 1568 977 etiam

927 1000 1042 1042 poeta
1051 1001 1380 1040 erant.—Sequaces.
1390 996 1569 1030 Leonidas

926 1054 1032 1095 poeta
1054 1050 1198 1084 Graecns
1225 1051 1433 1084 πολυπλανέα
1457 1053 1565 1084 κισσὸν

927 1100 1030 1135 dixit.
1048 1101 1151 1147 Virg.
1177 1113 1324 1148 quoque
1346 1109 1382 1135 et
1403 1101 1567 1135 Catullus

926 1151 1097 1186 hederam
1114 1163 1285 1185 errantem.
1304 1153 1403 1192 Ham:
1422 1166 1567 1200 quoque

926 1206 1067 1253 antiqui
1079 1206 1200 1254 Lyrici
1212 1231 1223 1247 ‚
1239 1214 1329 1240 teste
1344 1206 1470 1241 Servio
1482 1232 1493 1248 ‚
1500 1209 1568 1253 fle·

924 1260 1073 1302 xipedem
1095 1257 1288 1300 dixerunt,
1307 1258 1407 1306 quod
1432 1259 1505 1293 huc
1530 1267 1567 1293 et

922 1309 1011 1343 illuc
1019 1319 1181 1357 vagetur.
1189 1331 1236 1337 —
1243 1314 1313 1355 Ipse
1325 1313 1565 1356 semipagana-5.

922 1361 981 1396 sic
1007 1361 1168 1396 modeste
1195 1375 1232 1396 se
1262 1363 1440 1409 appellat,
1464 1365 1563 1410 quasi

920 1414 1130 1448 inchoatum
1144 1418 1288 1460 poetam
1304 1413 1417 1453 dicas,
1430 1423 1472 1448 ut
1489 1428 1566 1449 non

921 1468 1067 1514 penitus
1076 1468 1277 1505 ἀνεὶσακτον,
1286 1468 1565 1513 ita‘assistentem

921 1519 1039 1553 adhuc
1072 1520 1111 1554 in
1146 1519 1285 1554 cortina
1308 1545 1319 1561 ,
1351 1527 1387 1553 et
1420 1528 1563 1554 tantum

919 1574 1092 1620 ἁκροθιγῶς
1125 1573 1287 1619 ἁψάμενον
1324 1577 1380 1607 τοῦ
1411 1572 1561 1613 ligra-:0:-

918 1625 1008 1667 Quae
1025 1624 1196 1660 modestia
1211 1626 1418 1672 arrogantiae
1436 1629 1563 1672 poeta-

919 1691 1001 1712 rum
1015 1679 1296 1724 μουσοπσιτοίκτων
1316 1679 1372 1713 sui
1390 1680 1563 1726 temporis

919 1731 1058 1765 satirice
1075 1731 1287 1777 opponitur.
1308 1731 1350 1764 C.

967 1808 1003 1842 7.
1029 1798 1088 1828 Ad
1109 1809 1204 1829 sacra
1228 1807 1344 1829 vatum
1358 1821 1368 1835 ‚
1389 1796 1472 1842 eta]
1506 1796 1560 1830 Ad

920 1848 1032 1883 edem
1052 1850 1165 1883 Musis
1186 1857 1223 1883 et
1239 1849 1397 1895 Apollini
1422 1848 1465 1882 ab
1484 1850 1559 1882 Au-

918 1911 1023 1948 gusto
1047 1901 1223 1937 dicatam:
1243 1901 1325 1936 vide
1349 1902 1450 1936 Suet.
1474 1903 1558 1936 Oct.

919 1967 996 2001 cap.
1014 1968 1076 1999 29,
1093 1964 1130 1990 et
1146 1956 1230 1989 Juv.
1245 1963 1308 1988 sat.
1322 1955 1396 1988 VII
1408 1979 1418 1995 ‚
1434 1954 1498 2000 37:
1514 1959 1559 1989 eo

918 2007 1018 2043 docti
1057 2008 1316 2043 conveniebant
1353 2009 1558 2054 scriptaque

916 2060 1113 2094 afferebant
1124 2072 1186 2094 sua
1199 2073 1208 2094 ε
1222 2060 1306 2094 hinc
1314 2058 1438 2093 Horat.
1450 2060 1510 2093 lib.
1523 2061 1556 2100 Ι,

918 2113 1019 2159 epist.
1033 2112 1052 2146 3
1065 2125 1075 2145 z

914 2182 1034 2221 Scripta
1047 2183 1201 2212 Palatinus
1222 2192 1422 2222 quaecumque
1437 2181 1557 2219 recepit

995 2230 1122 2268 Apollo.

913 2286 1132 2332 Simpliciter
1155 2286 1306 2332 exponit
1324 2285 1554 2318 Casaubonus

913 2338 959 2372 de
984 2339 1174 2379 omnihus,
1194 2339 1257 2384 qui
1281 2342 1444 2383 poemata
1464 2338 1554 2370 reci·

913 2392 1034 2425 tabant
1061 2403 1124 2424 sua
1151 2399 1315 2424 veterum
1346 2402 1468 2430 more,
1490 2398 1553 2423 aut

912 2445 1015 2478 aliter
1043 2444 1300 2489 publicabant,
1325 2442 1426 2488 quod
1452 2444 1550 2489 φέρειν

911 2498 954 2535 εἰς
995 2498 1092 2542 μέσον
1130 2495 1218 2529 dicit
1253 2495 1350 2528 Plut.
1384 2495 1457 2542 περὶ
1493 2498 1549 2530 τοῦ

909 2549 1048 2582 ἀκούειν.

272 2665 313 2694 V.
331 2665 364 2695 5.
383 2664 525 2697 Remitto.
545 2665 680 2698 Codices
700 2665 901 2707 antiquiores
918 2663 1040 2696 habeut
1059 2664 1127 2704 ita;
1146 2663 1227 2697 eod.
1240 2671 1371 2705 noster,
1387 2664 1546 2706 relinquo.

1278 2735 1315 2761 1.
