<?xml version="1.0" encoding="UTF-8"?>
<!DOCTYPE html PUBLIC "-//W3C//DTD XHTML 1.0 Transitional//EN"
    "http://www.w3.org/TR/xhtml1/DTD/xhtml1-transitional.dtd">
<html xmlns="http://www.w3.org/1999/xhtml" xml:lang="en" lang="en">
 <head>
  <title>
</title>
<meta http-equiv="Content-Type" content="text/html;charset=utf-8" />
  <meta name='ocr-system' content='tesseract 3.04.00' />
  <meta name='ocr-capabilities' content='ocr_page ocr_carea ocr_par ocr_line ocrx_word'/>
</head>
<body>
  <div class='ocr_page' id='page_1' title='image "./satiraeadcodice00persuoft_0125.png"; bbox 0 0 1846 3184; ppageno 0'>
   <div class='ocr_carea' id='block_1_1' title="bbox 687 317 1087 363">
    <p class='ocr_par' dir='ltr' id='par_1_1' title="bbox 687 317 1087 363">
     <span class='ocr_line' id='line_1_1' title="bbox 687 317 1087 363; baseline -0.013 0"><span class='ocrx_word' id='word_1_1' title='bbox 687 318 941 363; x_wconf 80' lang='lat' dir='ltr'><strong>SATIRA</strong></span> <span class='ocrx_word' id='word_1_2' title='bbox 984 317 1087 359; x_wconf 92' lang='lat'>111.</span> 
     </span>
    </p>
   </div>
   <div class='ocr_carea' id='block_1_2' title="bbox 231 394 1559 629">
    <p class='ocr_par' dir='ltr' id='par_1_2' title="bbox 231 394 1559 612">
     <span class='ocr_line' id='line_1_2' title="bbox 287 394 1559 465; baseline -0.013 -16"><span class='ocrx_word' id='word_1_3' title='bbox 287 405 343 449; x_wconf 87' lang='lat' dir='ltr'>Et</span> <span class='ocrx_word' id='word_1_4' title='bbox 356 405 477 465; x_wconf 82' lang='lat' dir='ltr'>piper</span> <span class='ocrx_word' id='word_1_5' title='bbox 492 408 689 461; x_wconf 69' lang='lat' dir='ltr'>etpernae</span> <span class='ocrx_word' id='word_1_6' title='bbox 699 433 712 453; x_wconf 85' lang='lat'>‚</span> <span class='ocrx_word' id='word_1_7' title='bbox 729 401 859 442; x_wconf 82' lang='lat' dir='ltr'>Marsi</span> <span class='ocrx_word' id='word_1_8' title='bbox 876 406 1152 441; x_wconf 86' lang='lat' dir='ltr'>monumenta</span> <span class='ocrx_word' id='word_1_9' title='bbox 1168 394 1333 436; x_wconf 71' lang='lat' dir='ltr'>clientis</span> <span class='ocrx_word' id='word_1_10' title='bbox 1347 426 1360 446; x_wconf 92' lang='lat'>‚</span> <span class='ocrx_word' id='word_1_11' title='bbox 1515 399 1559 445; x_wconf 83' lang='lat'>75</span> 
     </span>
     <span class='ocr_line' id='line_1_3' title="bbox 286 470 1418 537; baseline -0.014 -13"><span class='ocrx_word' id='word_1_12' title='bbox 286 482 506 537; x_wconf 79' lang='lat' dir='ltr'>Maenaque</span> <span class='ocrx_word' id='word_1_13' title='bbox 521 477 638 535; x_wconf 75' lang='lat' dir='ltr'>quod</span> <span class='ocrx_word' id='word_1_14' title='bbox 654 477 793 534; x_wconf 65' lang='lat' dir='ltr'>prima</span> <span class='ocrx_word' id='word_1_15' title='bbox 808 473 1004 516; x_wconf 88' lang='lat' dir='ltr'>nondum</span> <span class='ocrx_word' id='word_1_16' title='bbox 1019 470 1224 513; x_wconf 73' lang='lat' dir='ltr'>defecerit</span> <span class='ocrx_word' id='word_1_17' title='bbox 1239 470 1354 510; x_wconf 67' lang='lat' dir='ltr'>orca.</span> <span class='ocrx_word' id='word_1_18' title='bbox 1407 518 1418 528; x_wconf 29' lang='grc' dir='ltr'>ἱ</span> 
     </span>
     <span class='ocr_line' id='line_1_4' title="bbox 231 546 1271 629; baseline -0.014 -29"><span class='ocrx_word' id='word_1_19' title='bbox 231 579 233 582; x_wconf 89' lang='grc'><em>·</em></span> <span class='ocrx_word' id='word_1_20' title='bbox 286 555 370 599; x_wconf 83' lang='lat' dir='ltr'>Hic</span> <span class='ocrx_word' id='word_1_21' title='bbox 388 555 539 629; x_wconf 81' lang='lat' dir='ltr'>aliquis</span> <span class='ocrx_word' id='word_1_22' title='bbox 558 553 612 595; x_wconf 90' lang='lat' dir='ltr'>de</span> <span class='ocrx_word' id='word_1_23' title='bbox 635 562 760 611; x_wconf 85' lang='lat' dir='ltr'>gente</span> <span class='ocrx_word' id='word_1_24' title='bbox 780 550 946 591; x_wconf 87' lang='lat' dir='ltr'>hircosa</span> <span class='ocrx_word' id='word_1_25' title='bbox 967 546 1271 604; x_wconf 73' lang='lat' dir='ltr'>centurionum</span> 
     </span>
    </p>
   </div>
   <div class='ocr_carea' id='block_1_3' title="bbox 225 676 868 1150">
    <p class='ocr_par' dir='ltr' id='par_1_3' title="bbox 225 676 867 993">
     <span class='ocr_line' id='line_1_5' title="bbox 276 676 861 730; baseline -0.017 -12"><span class='ocrx_word' id='word_1_26' title='bbox 276 683 335 730; x_wconf 83' lang='grc'>75.</span> <span class='ocrx_word' id='word_1_27' title='bbox 357 683 460 716; x_wconf 70' lang='lat' dir='ltr'>uani</span> <span class='ocrx_word' id='word_1_28' title='bbox 480 688 684 713; x_wconf 81' lang='lat' dir='ltr'>monumenta</span> <span class='ocrx_word' id='word_1_29' title='bbox 706 678 838 711; x_wconf 74' lang='lat' dir='ltr'>clientis.</span> <span class='ocrx_word' id='word_1_30' title='bbox 847 676 861 722; x_wconf 93' lang='lat'>]</span> 
     </span>
     <span class='ocr_line' id='line_1_6' title="bbox 228 729 865 780; baseline -0.018 -8"><span class='ocrx_word' id='word_1_31' title='bbox 228 733 515 780; x_wconf 74' lang='lat' dir='ltr'>Marsi‚Apu1iae</span> <span class='ocrx_word' id='word_1_32' title='bbox 539 731 680 778; x_wconf 85' lang='lat' dir='ltr'>populi.</span> <span class='ocrx_word' id='word_1_33' title='bbox 703 729 865 768; x_wconf 80' lang='lat' dir='ltr'><strong>Plinius,</strong></span> 
     </span>
     <span class='ocr_line' id='line_1_7' title="bbox 226 785 865 832; baseline -0.013 -10"><span class='ocrx_word' id='word_1_34' title='bbox 226 788 292 822; x_wconf 84' lang='lat' dir='ltr'>lib.</span> <span class='ocrx_word' id='word_1_35' title='bbox 311 788 393 829; x_wconf 89' lang='lat'>111,</span> <span class='ocrx_word' id='word_1_36' title='bbox 411 799 490 832; x_wconf 86' lang='lat' dir='ltr'>cap.</span> <span class='ocrx_word' id='word_1_37' title='bbox 522 797 576 818; x_wconf 85' lang='lat'>11.</span> <span class='ocrx_word' id='word_1_38' title='bbox 601 785 645 817; x_wconf 91' lang='lat' dir='ltr'>In</span> <span class='ocrx_word' id='word_1_39' title='bbox 668 795 793 817; x_wconf 88' lang='lat' dir='ltr'>eorum</span> <span class='ocrx_word' id='word_1_40' title='bbox 811 794 865 815; x_wconf 82' lang='lat' dir='ltr'>re-</span> 
     </span>
     <span class='ocr_line' id='line_1_8' title="bbox 225 833 868 887; baseline -0.014 -12"><span class='ocrx_word' id='word_1_41' title='bbox 225 841 332 887; x_wconf 82' lang='lat' dir='ltr'>gione</span> <span class='ocrx_word' id='word_1_42' title='bbox 344 848 380 873; x_wconf 87' lang='lat' dir='ltr'>et</span> <span class='ocrx_word' id='word_1_43' title='bbox 395 839 492 872; x_wconf 85' lang='lat' dir='ltr'>silvis</span> <span class='ocrx_word' id='word_1_44' title='bbox 506 836 583 883; x_wconf 87' lang='lat' dir='ltr'>apri</span> <span class='ocrx_word' id='word_1_45' title='bbox 596 843 696 869; x_wconf 84' lang='lat' dir='ltr'>erant</span> <span class='ocrx_word' id='word_1_46' title='bbox 708 833 868 880; x_wconf 87' lang='lat' dir='ltr'>complu-</span> 
     </span>
     <span class='ocr_line' id='line_1_9' title="bbox 225 885 867 937; baseline -0.012 -11"><span class='ocrx_word' id='word_1_47' title='bbox 225 904 302 931; x_wconf 75' lang='lat' dir='ltr'>res,</span> <span class='ocrx_word' id='word_1_48' title='bbox 313 892 398 926; x_wconf 88' lang='lat' dir='ltr'>hinc</span> <span class='ocrx_word' id='word_1_49' title='bbox 411 902 536 937; x_wconf 79' lang='lat' dir='ltr'>pernas</span> <span class='ocrx_word' id='word_1_50' title='bbox 549 889 614 921; x_wconf 92' lang='lat' dir='ltr'>ab</span> <span class='ocrx_word' id='word_1_51' title='bbox 606 889 647 921; x_wconf 73' lang='lat' dir='ltr'>nis</span> <span class='ocrx_word' id='word_1_52' title='bbox 661 886 757 921; x_wconf 86' lang='lat' dir='ltr'>dono</span> <span class='ocrx_word' id='word_1_53' title='bbox 772 885 867 919; x_wconf 85' lang='lat' dir='ltr'>mitti</span> 
     </span>
     <span class='ocr_line' id='line_1_10' title="bbox 226 940 771 993; baseline -0.015 -12"><span class='ocrx_word' id='word_1_54' title='bbox 226 946 387 993; x_wconf 79' lang='lat' dir='ltr'>patronis</span> <span class='ocrx_word' id='word_1_55' title='bbox 403 944 475 978; x_wconf 85' lang='lat' dir='ltr'>suis</span> <span class='ocrx_word' id='word_1_56' title='bbox 492 943 540 976; x_wconf 90' lang='lat' dir='ltr'>ait</span> <span class='ocrx_word' id='word_1_57' title='bbox 558 942 710 976; x_wconf 82' lang='lat' dir='ltr'>Persius.</span> <span class='ocrx_word' id='word_1_58' title='bbox 730 940 771 973; x_wconf 92' lang='lat' dir='ltr'>P.</span> 
     </span>
    </p>

    <p class='ocr_par' dir='ltr' id='par_1_4' title="bbox 227 993 868 1150">
     <span class='ocr_line' id='line_1_11' title="bbox 274 993 868 1044; baseline -0.012 -12"><span class='ocrx_word' id='word_1_59' title='bbox 274 1001 333 1044; x_wconf 87' lang='lat'>76.</span> <span class='ocrx_word' id='word_1_60' title='bbox 360 1001 552 1039; x_wconf 71' lang='lat' dir='ltr'>Mmuaque,</span> <span class='ocrx_word' id='word_1_61' title='bbox 569 995 641 1039; x_wconf 64' lang='lat' dir='ltr'>eta]</span> <span class='ocrx_word' id='word_1_62' title='bbox 667 993 776 1026; x_wconf 85' lang='lat' dir='ltr'>Piscis</span> <span class='ocrx_word' id='word_1_63' title='bbox 798 1005 868 1026; x_wconf 81' lang='lat' dir='ltr'>rna·</span> 
     </span>
     <span class='ocr_line' id='line_1_12' title="bbox 227 1047 865 1095; baseline -0.014 -9"><span class='ocrx_word' id='word_1_64' title='bbox 227 1051 329 1085; x_wconf 79' lang='lat' dir='ltr'>rinus</span> <span class='ocrx_word' id='word_1_65' title='bbox 360 1050 520 1095; x_wconf 78' lang='lat' dir='ltr'>exiguus.</span> <span class='ocrx_word' id='word_1_66' title='bbox 553 1047 630 1080; x_wconf 85' lang='lat' dir='ltr'>Hoc</span> <span class='ocrx_word' id='word_1_67' title='bbox 663 1047 742 1079; x_wconf 91' lang='lat' dir='ltr'>loco</span> <span class='ocrx_word' id='word_1_68' title='bbox 757 1070 769 1087; x_wconf 91' lang='lat'>,</span> <span class='ocrx_word' id='word_1_69' title='bbox 798 1057 865 1091; x_wconf 86' lang='lat' dir='ltr'>pro</span> 
     </span>
     <span class='ocr_line' id='line_1_13' title="bbox 228 1101 867 1150; baseline -0.014 -12"><span class='ocrx_word' id='word_1_70' title='bbox 228 1104 326 1150; x_wconf 84' lang='lat' dir='ltr'>pisce</span> <span class='ocrx_word' id='word_1_71' title='bbox 339 1102 507 1149; x_wconf 84' lang='lat' dir='ltr'>quolibet.</span> <span class='ocrx_word' id='word_1_72' title='bbox 515 1120 563 1126; x_wconf 92' lang='lat'>—-</span> <span class='ocrx_word' id='word_1_73' title='bbox 572 1101 666 1141; x_wconf 84' lang='lat' dir='ltr'>Quod</span> <span class='ocrx_word' id='word_1_74' title='bbox 667 1111 776 1141; x_wconf 77' lang='lat' dir='ltr'>prama</span> <span class='ocrx_word' id='word_1_75' title='bbox 788 1111 867 1130; x_wconf 81' lang='lat' dir='ltr'>non-</span> 
     </span>
    </p>
   </div>
   <div class='ocr_carea' id='block_1_4' title="bbox 227 1150 865 1247">
    <p class='ocr_par' dir='ltr' id='par_1_5' title="bbox 227 1150 865 1247">
     <span class='ocr_line' id='line_1_14' title="bbox 227 1150 865 1198; baseline -0.01 -9"><span class='ocrx_word' id='word_1_76' title='bbox 227 1158 303 1189; x_wconf 79' lang='lat' dir='ltr'>dum</span> <span class='ocrx_word' id='word_1_77' title='bbox 317 1155 470 1198; x_wconf 79' lang='lat' dir='ltr'>defecerit</span> <span class='ocrx_word' id='word_1_78' title='bbox 479 1153 566 1185; x_wconf 77' lang='grc' dir='ltr'><em>ονσᾶ.</em></span> <span class='ocrx_word' id='word_1_79' title='bbox 574 1150 661 1184; x_wconf 85' lang='lat' dir='ltr'>Vid.</span> <span class='ocrx_word' id='word_1_80' title='bbox 671 1163 752 1197; x_wconf 87' lang='lat' dir='ltr'>sup.</span> <span class='ocrx_word' id='word_1_81' title='bbox 764 1163 797 1183; x_wconf 87' lang='lat' dir='ltr'>v.</span> <span class='ocrx_word' id='word_1_82' title='bbox 809 1150 865 1183; x_wconf 85' lang='lat'>50.</span> 
     </span>
     <span class='ocr_line' id='line_1_15' title="bbox 276 1197 862 1247; baseline -0.01 -12.99"><span class='ocrx_word' id='word_1_83' title='bbox 276 1201 422 1247; x_wconf 75' lang='lat' dir='ltr'>77.H1‘‹:</span> <span class='ocrx_word' id='word_1_84' title='bbox 444 1201 563 1243; x_wconf 78' lang='lat' dir='ltr'>aliquis</span> <span class='ocrx_word' id='word_1_85' title='bbox 585 1200 624 1230; x_wconf 82' lang='lat' dir='ltr'>de</span> <span class='ocrx_word' id='word_1_86' title='bbox 644 1207 764 1242; x_wconf 80' lang='lat' dir='ltr'>gente,</span> <span class='ocrx_word' id='word_1_87' title='bbox 785 1197 862 1242; x_wconf 65' lang='lat' dir='ltr'>eea]</span> 
     </span>
    </p>
   </div>
   <div class='ocr_carea' id='block_1_5' title="bbox 224 1249 869 2450">
    <p class='ocr_par' dir='ltr' id='par_1_6' title="bbox 228 1249 867 1298">
     <span class='ocr_line' id='line_1_16' title="bbox 228 1249 867 1298; baseline -0.011 -10"><span class='ocrx_word' id='word_1_88' title='bbox 228 1254 406 1288; x_wconf 78' lang='lat' dir='ltr'>Hactenus</span> <span class='ocrx_word' id='word_1_89' title='bbox 427 1252 472 1286; x_wconf 88' lang='lat' dir='ltr'>de</span> <span class='ocrx_word' id='word_1_90' title='bbox 491 1251 690 1298; x_wconf 81' lang='lat' dir='ltr'>praestantia</span> <span class='ocrx_word' id='word_1_91' title='bbox 713 1257 748 1283; x_wconf 88' lang='lat' dir='ltr'>et</span> <span class='ocrx_word' id='word_1_92' title='bbox 770 1249 867 1283; x_wconf 78' lang='lat' dir='ltr'>utili-</span> 
     </span>
    </p>

    <p class='ocr_par' dir='ltr' id='par_1_7' title="bbox 224 1300 868 1873">
     <span class='ocr_line' id='line_1_17' title="bbox 228 1300 867 1352; baseline -0.013 -11"><span class='ocrx_word' id='word_1_93' title='bbox 228 1315 301 1341; x_wconf 85' lang='lat' dir='ltr'>tate</span> <span class='ocrx_word' id='word_1_94' title='bbox 307 1305 550 1352; x_wconf 83' lang='lat' dir='ltr'>philosophiae‚</span> <span class='ocrx_word' id='word_1_95' title='bbox 556 1311 591 1337; x_wconf 83' lang='lat' dir='ltr'>et</span> <span class='ocrx_word' id='word_1_96' title='bbox 600 1302 645 1336; x_wconf 81' lang='lat' dir='ltr'>de</span> <span class='ocrx_word' id='word_1_97' title='bbox 653 1300 811 1348; x_wconf 81' lang='lat' dir='ltr'>ejusdem</span> <span class='ocrx_word' id='word_1_98' title='bbox 821 1300 867 1334; x_wconf 80' lang='lat' dir='ltr'>ad</span> 
     </span>
     <span class='ocr_line' id='line_1_18' title="bbox 228 1353 867 1393; baseline -0.009 -1"><span class='ocrx_word' id='word_1_99' title='bbox 228 1360 339 1393; x_wconf 82' lang='lat' dir='ltr'>vitam</span> <span class='ocrx_word' id='word_1_100' title='bbox 365 1358 501 1391; x_wconf 80' lang='lat' dir='ltr'>beatam</span> <span class='ocrx_word' id='word_1_101' title='bbox 528 1355 732 1390; x_wconf 74' lang='lat' dir='ltr'>necessitate</span> <span class='ocrx_word' id='word_1_102' title='bbox 758 1353 867 1387; x_wconf 81' lang='lat' dir='ltr'>disse-</span> 
     </span>
     <span class='ocr_line' id='line_1_19' title="bbox 229 1407 866 1455; baseline -0.009 -10"><span class='ocrx_word' id='word_1_103' title='bbox 229 1411 306 1446; x_wconf 83' lang='lat' dir='ltr'><strong>ruit</strong></span> <span class='ocrx_word' id='word_1_104' title='bbox 324 1435 336 1451; x_wconf 94' lang='lat'>,</span> <span class='ocrx_word' id='word_1_105' title='bbox 362 1418 531 1455; x_wconf 75' lang='lat' dir='ltr'>tanquam</span> <span class='ocrx_word' id='word_1_106' title='bbox 566 1407 612 1442; x_wconf 89' lang='lat' dir='ltr'>de</span> <span class='ocrx_word' id='word_1_107' title='bbox 644 1419 684 1440; x_wconf 85' lang='lat' dir='ltr'>re</span> <span class='ocrx_word' id='word_1_108' title='bbox 716 1414 799 1440; x_wconf 86' lang='lat' dir='ltr'>nota</span> <span class='ocrx_word' id='word_1_109' title='bbox 829 1414 866 1439; x_wconf 92' lang='lat' dir='ltr'>et</span> 
     </span>
     <span class='ocr_line' id='line_1_20' title="bbox 230 1455 866 1503; baseline -0.011 -8"><span class='ocrx_word' id='word_1_110' title='bbox 230 1468 431 1502; x_wconf 86' lang='lat' dir='ltr'>constante;</span> <span class='ocrx_word' id='word_1_111' title='bbox 447 1460 496 1493; x_wconf 81' lang='lat' dir='ltr'>ita</span> <span class='ocrx_word' id='word_1_112' title='bbox 513 1458 609 1492; x_wconf 90' lang='lat' dir='ltr'>enim</span> <span class='ocrx_word' id='word_1_113' title='bbox 626 1456 793 1503; x_wconf 79' lang='lat' dir='ltr'>discipuli</span> <span class='ocrx_word' id='word_1_114' title='bbox 809 1455 866 1489; x_wconf 89' lang='lat' dir='ltr'>sui</span> 
     </span>
     <span class='ocr_line' id='line_1_21' title="bbox 229 1508 866 1559; baseline -0.009 -12"><span class='ocrx_word' id='word_1_115' title='bbox 229 1513 412 1559; x_wconf 66' lang='lat' dir='ltr'>segnitiem</span> <span class='ocrx_word' id='word_1_116' title='bbox 440 1510 606 1545; x_wconf 83' lang='lat' dir='ltr'>excussit.</span> <span class='ocrx_word' id='word_1_117' title='bbox 633 1509 759 1551; x_wconf 88' lang='lat' dir='ltr'>Nunc,</span> <span class='ocrx_word' id='word_1_118' title='bbox 782 1508 866 1555; x_wconf 83' lang='lat' dir='ltr'>quia</span> 
     </span>
     <span class='ocr_line' id='line_1_22' title="bbox 227 1562 867 1613; baseline -0.009 -13"><span class='ocrx_word' id='word_1_119' title='bbox 227 1564 397 1613; x_wconf 83' lang='lat' dir='ltr'>permulti</span> <span class='ocrx_word' id='word_1_120' title='bbox 411 1565 531 1598; x_wconf 82' lang='lat' dir='ltr'>Romae</span> <span class='ocrx_word' id='word_1_121' title='bbox 540 1588 551 1603; x_wconf 83' lang='lat'><em>‚</em></span> <span class='ocrx_word' id='word_1_122' title='bbox 564 1562 758 1609; x_wconf 62' lang='lat' dir='ltr'>praesertim</span> <span class='ocrx_word' id='word_1_123' title='bbox 773 1562 867 1595; x_wconf 88' lang='lat' dir='ltr'>inter</span> 
     </span>
     <span class='ocr_line' id='line_1_23' title="bbox 224 1613 867 1665; baseline -0.008 -14"><span class='ocrx_word' id='word_1_124' title='bbox 224 1620 377 1665; x_wconf 81' lang='lat' dir='ltr'>juvenes</span> <span class='ocrx_word' id='word_1_125' title='bbox 392 1625 427 1651; x_wconf 87' lang='lat' dir='ltr'>et</span> <span class='ocrx_word' id='word_1_126' title='bbox 443 1616 609 1650; x_wconf 81' lang='lat' dir='ltr'>militares</span> <span class='ocrx_word' id='word_1_127' title='bbox 622 1615 716 1648; x_wconf 79' lang='lat' dir='ltr'>viros</span> <span class='ocrx_word' id='word_1_128' title='bbox 725 1638 736 1654; x_wconf 88' lang='lat'><strong>‚</strong></span> <span class='ocrx_word' id='word_1_129' title='bbox 749 1613 867 1660; x_wconf 86' lang='lat' dir='ltr'>philo-</span> 
     </span>
     <span class='ocr_line' id='line_1_24' title="bbox 228 1668 866 1717; baseline -0.008 -12"><span class='ocrx_word' id='word_1_130' title='bbox 228 1671 361 1717; x_wconf 66' lang='lat' dir='ltr'>sophia</span> <span class='ocrx_word' id='word_1_131' title='bbox 384 1669 543 1704; x_wconf 77' lang='lat' dir='ltr'>studium</span> <span class='ocrx_word' id='word_1_132' title='bbox 568 1668 866 1714; x_wconf 81' lang='lat' dir='ltr'>aspernabantur,</span> 
     </span>
     <span class='ocr_line' id='line_1_25' title="bbox 228 1719 867 1769; baseline -0.009 -12"><span class='ocrx_word' id='word_1_133' title='bbox 228 1731 336 1769; x_wconf 87' lang='lat' dir='ltr'>atque</span> <span class='ocrx_word' id='word_1_134' title='bbox 359 1734 377 1755; x_wconf 89' lang='lat' dir='ltr'>a</span> <span class='ocrx_word' id='word_1_135' title='bbox 403 1721 564 1755; x_wconf 85' lang='lat' dir='ltr'>moribus</span> <span class='ocrx_word' id='word_1_136' title='bbox 591 1720 758 1754; x_wconf 82' lang='lat' dir='ltr'>Romanis</span> <span class='ocrx_word' id='word_1_137' title='bbox 784 1719 867 1752; x_wconf 83' lang='lat' dir='ltr'>alie·</span> 
     </span>
     <span class='ocr_line' id='line_1_26' title="bbox 228 1773 868 1815; baseline -0.008 -5"><span class='ocrx_word' id='word_1_138' title='bbox 228 1788 319 1810; x_wconf 85' lang='lat' dir='ltr'>num</span> <span class='ocrx_word' id='word_1_139' title='bbox 331 1774 560 1815; x_wconf 75' lang='lat' dir='ltr'>dictitabant,</span> <span class='ocrx_word' id='word_1_140' title='bbox 573 1785 697 1807; x_wconf 87' lang='lat' dir='ltr'>eornm</span> <span class='ocrx_word' id='word_1_141' title='bbox 709 1773 868 1806; x_wconf 84' lang='lat' dir='ltr'>insanam</span> 
     </span>
     <span class='ocr_line' id='line_1_27' title="bbox 229 1824 866 1873; baseline -0.006 -12"><span class='ocrx_word' id='word_1_142' title='bbox 229 1827 463 1873; x_wconf 81' lang='lat' dir='ltr'>objectionem</span> <span class='ocrx_word' id='word_1_143' title='bbox 479 1825 667 1860; x_wconf 82' lang='lat' dir='ltr'>antevertit</span> <span class='ocrx_word' id='word_1_144' title='bbox 684 1833 791 1871; x_wconf 85' lang='lat' dir='ltr'>atque</span> <span class='ocrx_word' id='word_1_145' title='bbox 811 1824 866 1857; x_wconf 80' lang='lat' dir='ltr'>di-</span> 
     </span>
    </p>

    <p class='ocr_par' dir='ltr' id='par_1_8' title="bbox 230 1877 869 1922">
     <span class='ocr_line' id='line_1_28' title="bbox 230 1877 869 1922; baseline -0.006 -9"><span class='ocrx_word' id='word_1_146' title='bbox 230 1880 315 1922; x_wconf 82' lang='lat' dir='ltr'>luit,</span> <span class='ocrx_word' id='word_1_147' title='bbox 327 1880 395 1914; x_wconf 90' lang='lat' dir='ltr'>hoe</span> <span class='ocrx_word' id='word_1_148' title='bbox 403 1879 522 1912; x_wconf 81' lang='lat' dir='ltr'>modo.</span> <span class='ocrx_word' id='word_1_149' title='bbox 531 1878 652 1913; x_wconf 84' lang='lat' dir='ltr'>Unum</span> <span class='ocrx_word' id='word_1_150' title='bbox 661 1877 800 1911; x_wconf 85' lang='lat' dir='ltr'>inducit</span> <span class='ocrx_word' id='word_1_151' title='bbox 809 1877 869 1910; x_wconf 87' lang='lat' dir='ltr'>ali-</span> 
     </span>
    </p>

    <p class='ocr_par' dir='ltr' id='par_1_9' title="bbox 229 1930 868 2029">
     <span class='ocr_line' id='line_1_29' title="bbox 231 1930 868 1979; baseline -0.006 -13"><span class='ocrx_word' id='word_1_152' title='bbox 231 1944 339 1979; x_wconf 82' lang='lat' dir='ltr'>quem</span> <span class='ocrx_word' id='word_1_153' title='bbox 347 1932 537 1978; x_wconf 82' lang='lat' dir='ltr'>agrestium</span> <span class='ocrx_word' id='word_1_154' title='bbox 550 1939 586 1964; x_wconf 93' lang='lat' dir='ltr'>et</span> <span class='ocrx_word' id='word_1_155' title='bbox 597 1931 797 1977; x_wconf 74' lang='lat' dir='ltr'>opimi-um,</span> <span class='ocrx_word' id='word_1_156' title='bbox 805 1930 868 1976; x_wconf 85' lang='lat' dir='ltr'>qui</span> 
     </span>
     <span class='ocr_line' id='line_1_30' title="bbox 229 1983 865 2029; baseline -0.003 -11"><span class='ocrx_word' id='word_1_157' title='bbox 229 1983 276 2018; x_wconf 81' lang='lat' dir='ltr'>ad</span> <span class='ocrx_word' id='word_1_158' title='bbox 293 1984 410 2018; x_wconf 85' lang='lat' dir='ltr'>studia</span> <span class='ocrx_word' id='word_1_159' title='bbox 427 1985 481 2018; x_wconf 83' lang='lat' dir='ltr'>rei</span> <span class='ocrx_word' id='word_1_160' title='bbox 499 1984 679 2024; x_wconf 82' lang='lat' dir='ltr'>militaris,</span> <span class='ocrx_word' id='word_1_161' title='bbox 695 1995 768 2017; x_wconf 91' lang='lat' dir='ltr'>non</span> <span class='ocrx_word' id='word_1_162' title='bbox 786 1983 865 2029; x_wconf 81' lang='lat' dir='ltr'>phi-</span> 
     </span>
    </p>

    <p class='ocr_par' dir='ltr' id='par_1_10' title="bbox 228 2036 868 2450">
     <span class='ocr_line' id='line_1_31' title="bbox 228 2036 867 2083; baseline 0 -13"><span class='ocrx_word' id='word_1_163' title='bbox 228 2036 419 2083; x_wconf 76' lang='lat' dir='ltr'>Iosophiae,</span> <span class='ocrx_word' id='word_1_164' title='bbox 435 2037 610 2071; x_wconf 78' lang='lat' dir='ltr'>Romanos</span> <span class='ocrx_word' id='word_1_165' title='bbox 633 2049 670 2070; x_wconf 82' lang='lat' dir='ltr'>se</span> <span class='ocrx_word' id='word_1_166' title='bbox 690 2036 867 2082; x_wconf 81' lang='lat' dir='ltr'>applicare</span> 
     </span>
     <span class='ocr_line' id='line_1_32' title="bbox 230 2087 864 2136; baseline -0.002 -13"><span class='ocrx_word' id='word_1_167' title='bbox 230 2088 361 2123; x_wconf 89' lang='lat' dir='ltr'>debere</span> <span class='ocrx_word' id='word_1_168' title='bbox 382 2089 608 2136; x_wconf 86' lang='lat' dir='ltr'>jactitabant;</span> <span class='ocrx_word' id='word_1_169' title='bbox 629 2097 666 2123; x_wconf 88' lang='lat' dir='ltr'>et</span> <span class='ocrx_word' id='word_1_170' title='bbox 690 2087 864 2130; x_wconf 84' lang='lat' dir='ltr'>ridiculo,</span> 
     </span>
     <span class='ocr_line' id='line_1_33' title="bbox 230 2142 867 2188; baseline 0 -12"><span class='ocrx_word' id='word_1_171' title='bbox 230 2142 335 2188; x_wconf 83' lang='lat' dir='ltr'>quale</span> <span class='ocrx_word' id='word_1_172' title='bbox 360 2142 547 2176; x_wconf 80' lang='lat' dir='ltr'>conveniat</span> <span class='ocrx_word' id='word_1_173' title='bbox 574 2142 716 2183; x_wconf 71' lang='lat' dir='ltr'>hirco-so</span> <span class='ocrx_word' id='word_1_174' title='bbox 744 2150 867 2177; x_wconf 90' lang='lat' dir='ltr'>centu-</span> 
     </span>
     <span class='ocr_line' id='line_1_34' title="bbox 229 2193 866 2240; baseline 0.002 -13"><span class='ocrx_word' id='word_1_175' title='bbox 229 2193 323 2227; x_wconf 86' lang='lat' dir='ltr'>rioni</span> <span class='ocrx_word' id='word_1_176' title='bbox 335 2219 346 2234; x_wconf 95' lang='lat'><strong>,</strong></span> <span class='ocrx_word' id='word_1_177' title='bbox 362 2194 401 2228; x_wconf 87' lang='lat' dir='ltr'>in</span> <span class='ocrx_word' id='word_1_178' title='bbox 424 2194 657 2240; x_wconf 77' lang='lat' dir='ltr'>philosophos</span> <span class='ocrx_word' id='word_1_179' title='bbox 679 2194 843 2228; x_wconf 85' lang='lat' dir='ltr'>convicio</span> <span class='ocrx_word' id='word_1_180' title='bbox 854 2219 866 2235; x_wconf 87' lang='lat'>‚</span> 
     </span>
     <span class='ocr_line' id='line_1_35' title="bbox 229 2244 867 2292; baseline -0.002 -12"><span class='ocrx_word' id='word_1_181' title='bbox 229 2245 341 2280; x_wconf 84' lang='lat' dir='ltr'>efficit</span> <span class='ocrx_word' id='word_1_182' title='bbox 350 2246 507 2292; x_wconf 87' lang='lat' dir='ltr'>primum</span> <span class='ocrx_word' id='word_1_183' title='bbox 515 2270 527 2287; x_wconf 91' lang='lat'>‚</span> <span class='ocrx_word' id='word_1_184' title='bbox 540 2258 586 2280; x_wconf 82' lang='lat' dir='ltr'>ue</span> <span class='ocrx_word' id='word_1_185' title='bbox 597 2244 686 2292; x_wconf 87' lang='lat' dir='ltr'>quid</span> <span class='ocrx_word' id='word_1_186' title='bbox 697 2245 867 2292; x_wconf 62' lang='lat' dir='ltr'>ponderis</span> 
     </span>
     <span class='ocr_line' id='line_1_36' title="bbox 228 2297 867 2345; baseline 0.002 -14"><span class='ocrx_word' id='word_1_187' title='bbox 228 2297 327 2344; x_wconf 87' lang='lat' dir='ltr'>apud</span> <span class='ocrx_word' id='word_1_188' title='bbox 361 2297 580 2345; x_wconf 71' lang='lat' dir='ltr'>discipulum</span> <span class='ocrx_word' id='word_1_189' title='bbox 620 2310 724 2332; x_wconf 83' lang='lat' dir='ltr'>suum</span> <span class='ocrx_word' id='word_1_190' title='bbox 760 2298 867 2345; x_wconf 87' lang='lat' dir='ltr'>hujus</span> 
     </span>
     <span class='ocr_line' id='line_1_37' title="bbox 229 2350 867 2392; baseline 0 -7"><span class='ocrx_word' id='word_1_191' title='bbox 229 2352 335 2385; x_wconf 74' lang='lat' dir='ltr'>voees</span> <span class='ocrx_word' id='word_1_192' title='bbox 344 2351 513 2392; x_wconf 60' lang='lat' dir='ltr'>habe-nu</span> <span class='ocrx_word' id='word_1_193' title='bbox 522 2350 652 2386; x_wconf 87' lang='lat' dir='ltr'>deinde</span> <span class='ocrx_word' id='word_1_194' title='bbox 665 2352 773 2385; x_wconf 87' lang='lat' dir='ltr'>istum</span> <span class='ocrx_word' id='word_1_195' title='bbox 785 2364 867 2386; x_wconf 88' lang='lat' dir='ltr'>ceu-</span> 
     </span>
     <span class='ocr_line' id='line_1_38' title="bbox 230 2402 868 2450; baseline 0.005 -15"><span class='ocrx_word' id='word_1_196' title='bbox 230 2402 431 2444; x_wconf 82' lang='lat' dir='ltr'>turionem‚</span> <span class='ocrx_word' id='word_1_197' title='bbox 449 2412 484 2438; x_wconf 89' lang='lat' dir='ltr'>et</span> <span class='ocrx_word' id='word_1_198' title='bbox 505 2403 591 2437; x_wconf 83' lang='lat' dir='ltr'>alios</span> <span class='ocrx_word' id='word_1_199' title='bbox 612 2404 676 2450; x_wconf 81' lang='lat' dir='ltr'>qui</span> <span class='ocrx_word' id='word_1_200' title='bbox 698 2404 780 2437; x_wconf 85' lang='lat' dir='ltr'>talia</span> <span class='ocrx_word' id='word_1_201' title='bbox 797 2405 868 2449; x_wconf 85' lang='lat' dir='ltr'>jac-</span> 
     </span>
    </p>
   </div>
   <div class='ocr_carea' id='block_1_6' title="bbox 916 669 1565 2445">
    <p class='ocr_par' dir='ltr' id='par_1_11' title="bbox 916 669 1565 2445">
     <span class='ocr_line' id='line_1_39' title="bbox 916 669 1561 720; baseline -0.009 -11"><span class='ocrx_word' id='word_1_202' title='bbox 916 675 1011 708; x_wconf 87' lang='lat' dir='ltr'>renti</span> <span class='ocrx_word' id='word_1_203' title='bbox 1038 672 1231 720; x_wconf 82' lang='lat' dir='ltr'>pertinacia</span> <span class='ocrx_word' id='word_1_204' title='bbox 1245 684 1257 714; x_wconf 82' lang='lat'><strong>;</strong></span> <span class='ocrx_word' id='word_1_205' title='bbox 1284 669 1384 718; x_wconf 86' lang='lat' dir='ltr'>quod</span> <span class='ocrx_word' id='word_1_206' title='bbox 1412 670 1561 716; x_wconf 82' lang='lat' dir='ltr'>quidem</span> 
     </span>
     <span class='ocr_line' id='line_1_40' title="bbox 916 723 1561 762; baseline -0.009 -1"><span class='ocrx_word' id='word_1_207' title='bbox 916 727 1057 762; x_wconf 83' lang='lat' dir='ltr'>evenire</span> <span class='ocrx_word' id='word_1_208' title='bbox 1081 737 1220 760; x_wconf 81' lang='lat' dir='ltr'>necesse</span> <span class='ocrx_word' id='word_1_209' title='bbox 1247 725 1314 758; x_wconf 87' lang='lat' dir='ltr'>erit</span> <span class='ocrx_word' id='word_1_210' title='bbox 1338 723 1484 758; x_wconf 74' lang='lat' dir='ltr'>cuilubet</span> <span class='ocrx_word' id='word_1_211' title='bbox 1506 735 1561 757; x_wconf 82' lang='lat' dir='ltr'>as·</span> 
     </span>
     <span class='ocr_line' id='line_1_41' title="bbox 917 776 1558 826; baseline -0.008 -13"><span class='ocrx_word' id='word_1_212' title='bbox 917 779 1083 826; x_wconf 79' lang='lat' dir='ltr'>pernanti</span> <span class='ocrx_word' id='word_1_213' title='bbox 1106 776 1339 824; x_wconf 66' lang='lat' dir='ltr'>philosophia</span> <span class='ocrx_word' id='word_1_214' title='bbox 1359 783 1558 822; x_wconf 74' lang='lat' dir='ltr'>praecepta,</span> 
     </span>
     <span class='ocr_line' id='line_1_42' title="bbox 919 828 1561 878; baseline -0.008 -12"><span class='ocrx_word' id='word_1_215' title='bbox 919 845 998 878; x_wconf 86' lang='lat' dir='ltr'>quae</span> <span class='ocrx_word' id='word_1_216' title='bbox 1020 839 1105 865; x_wconf 87' lang='lat' dir='ltr'>sunt</span> <span class='ocrx_word' id='word_1_217' title='bbox 1126 829 1235 863; x_wconf 88' lang='lat' dir='ltr'>animi</span> <span class='ocrx_word' id='word_1_218' title='bbox 1254 841 1335 863; x_wconf 81' lang='lat' dir='ltr'>vera</span> <span class='ocrx_word' id='word_1_219' title='bbox 1356 837 1392 862; x_wconf 89' lang='lat' dir='ltr'>et</span> <span class='ocrx_word' id='word_1_220' title='bbox 1416 828 1488 862; x_wconf 81' lang='lat' dir='ltr'>sola</span> <span class='ocrx_word' id='word_1_221' title='bbox 1505 840 1561 862; x_wconf 86' lang='lat' dir='ltr'>re-</span> 
     </span>
     <span class='ocr_line' id='line_1_43' title="bbox 918 880 1560 926; baseline -0.009 -8"><span class='ocrx_word' id='word_1_222' title='bbox 918 883 1049 918; x_wconf 87' lang='lat' dir='ltr'>media.</span> <span class='ocrx_word' id='word_1_223' title='bbox 1065 884 1121 916; x_wconf 86' lang='lat' dir='ltr'>En</span> <span class='ocrx_word' id='word_1_224' title='bbox 1137 894 1176 917; x_wconf 72' lang='grc' dir='ltr'>αι</span> <span class='ocrx_word' id='word_1_225' title='bbox 1193 881 1270 915; x_wconf 82' lang='lat' dir='ltr'>sine</span> <span class='ocrx_word' id='word_1_226' title='bbox 1286 880 1403 915; x_wconf 87' lang='lat' dir='ltr'>dubio</span> <span class='ocrx_word' id='word_1_227' title='bbox 1419 880 1560 926; x_wconf 10' lang='lat' dir='ltr'>quarab</span> 
     </span>
     <span class='ocr_line' id='line_1_44' title="bbox 916 931 1560 973; baseline -0.012 -1"><span class='ocrx_word' id='word_1_228' title='bbox 916 938 974 973; x_wconf 82' lang='lat' dir='ltr'>his</span> <span class='ocrx_word' id='word_1_229' title='bbox 996 934 1158 970; x_wconf 81' lang='lat' dir='ltr'>ducenda</span> <span class='ocrx_word' id='word_1_230' title='bbox 1184 934 1251 968; x_wconf 83' lang='lat' dir='ltr'>erit</span> <span class='ocrx_word' id='word_1_231' title='bbox 1274 931 1468 967; x_wconf 77' lang='lat' dir='ltr'>conclusio.</span> <span class='ocrx_word' id='word_1_232' title='bbox 1489 931 1560 965; x_wconf 87' lang='lat' dir='ltr'>Sed</span> 
     </span>
     <span class='ocr_line' id='line_1_45' title="bbox 918 986 1561 1023; baseline -0.009 0"><span class='ocrx_word' id='word_1_233' title='bbox 918 989 1073 1023; x_wconf 83' lang='lat' dir='ltr'>auctoris</span> <span class='ocrx_word' id='word_1_234' title='bbox 1095 996 1251 1021; x_wconf 83' lang='lat' dir='ltr'>mentem</span> <span class='ocrx_word' id='word_1_235' title='bbox 1276 986 1440 1020; x_wconf 82' lang='lat' dir='ltr'>obscurat</span> <span class='ocrx_word' id='word_1_236' title='bbox 1462 997 1561 1018; x_wconf 89' lang='lat' dir='ltr'>com·</span> 
     </span>
     <span class='ocr_line' id='line_1_46' title="bbox 918 1037 1561 1103; baseline -0.008 -27"><span class='ocrx_word' id='word_1_237' title='bbox 918 1041 1109 1103; x_wconf 75' lang='lat' dir='ltr'>pas-ationis</span> <span class='ocrx_word' id='word_1_238' title='bbox 1132 1039 1258 1073; x_wconf 90' lang='lat' dir='ltr'>omissa</span> <span class='ocrx_word' id='word_1_239' title='bbox 1282 1038 1425 1085; x_wconf 82' lang='lat' dir='ltr'>penitus</span> <span class='ocrx_word' id='word_1_240' title='bbox 1452 1037 1561 1071; x_wconf 84' lang='lat' dir='ltr'>altera</span> 
     </span>
     <span class='ocr_line' id='line_1_47' title="bbox 918 1090 1563 1141; baseline -0.009 -13"><span class='ocrx_word' id='word_1_241' title='bbox 918 1107 1011 1141; x_wconf 81' lang='lat' dir='ltr'>pars.</span> <span class='ocrx_word' id='word_1_242' title='bbox 1035 1093 1154 1127; x_wconf 90' lang='lat' dir='ltr'>Solam</span> <span class='ocrx_word' id='word_1_243' title='bbox 1179 1092 1274 1126; x_wconf 89' lang='lat' dir='ltr'>enim</span> <span class='ocrx_word' id='word_1_244' title='bbox 1298 1090 1471 1137; x_wconf 82' lang='lat' dir='ltr'>protasim</span> <span class='ocrx_word' id='word_1_245' title='bbox 1494 1101 1563 1136; x_wconf 84' lang='lat' dir='ltr'>po·</span> 
     </span>
     <span class='ocr_line' id='line_1_48' title="bbox 918 1141 1562 1192; baseline -0.009 -12"><span class='ocrx_word' id='word_1_246' title='bbox 918 1147 1010 1188; x_wconf 85' lang='lat' dir='ltr'>suit,</span> <span class='ocrx_word' id='word_1_247' title='bbox 1028 1145 1214 1192; x_wconf 84' lang='lat' dir='ltr'>apodosim</span> <span class='ocrx_word' id='word_1_248' title='bbox 1233 1143 1380 1189; x_wconf 72' lang='lat' dir='ltr'>reliquit</span> <span class='ocrx_word' id='word_1_249' title='bbox 1403 1141 1562 1175; x_wconf 82' lang='lat' dir='ltr'>auditori</span> 
     </span>
     <span class='ocr_line' id='line_1_49' title="bbox 919 1194 1561 1245; baseline -0.009 -12"><span class='ocrx_word' id='word_1_250' title='bbox 919 1197 1153 1245; x_wconf 88' lang='lat' dir='ltr'>supplendam</span> <span class='ocrx_word' id='word_1_251' title='bbox 1174 1209 1186 1240; x_wconf 78' lang='lat'>3</span> <span class='ocrx_word' id='word_1_252' title='bbox 1210 1195 1312 1242; x_wconf 84' lang='lat' dir='ltr'>quod</span> <span class='ocrx_word' id='word_1_253' title='bbox 1342 1194 1488 1241; x_wconf 88' lang='lat' dir='ltr'>quidem</span> <span class='ocrx_word' id='word_1_254' title='bbox 1518 1206 1561 1228; x_wconf 89' lang='lat' dir='ltr'>eo</span> 
     </span>
     <span class='ocr_line' id='line_1_50' title="bbox 918 1246 1563 1295; baseline -0.011 -10"><span class='ocrx_word' id='word_1_255' title='bbox 918 1251 1056 1286; x_wconf 72' lang='lat' dir='ltr'>facilius</span> <span class='ocrx_word' id='word_1_256' title='bbox 1080 1258 1156 1289; x_wconf 82' lang='lat' dir='ltr'>est,</span> <span class='ocrx_word' id='word_1_257' title='bbox 1177 1247 1275 1295; x_wconf 80' lang='lat' dir='ltr'>quod</span> <span class='ocrx_word' id='word_1_258' title='bbox 1301 1247 1417 1280; x_wconf 82' lang='lat' dir='ltr'>morbi</span> <span class='ocrx_word' id='word_1_259' title='bbox 1440 1246 1563 1292; x_wconf 86' lang='lat' dir='ltr'>appel·</span> 
     </span>
     <span class='ocr_line' id='line_1_51' title="bbox 917 1299 1563 1346; baseline -0.009 -8"><span class='ocrx_word' id='word_1_260' title='bbox 917 1304 1004 1338; x_wconf 78' lang='lat' dir='ltr'>latio</span> <span class='ocrx_word' id='word_1_261' title='bbox 1022 1302 1223 1337; x_wconf 85' lang='lat' dir='ltr'>communis</span> <span class='ocrx_word' id='word_1_262' title='bbox 1239 1309 1291 1335; x_wconf 85' lang='lat' dir='ltr'>est</span> <span class='ocrx_word' id='word_1_263' title='bbox 1309 1299 1468 1346; x_wconf 86' lang='lat' dir='ltr'>corporis</span> <span class='ocrx_word' id='word_1_264' title='bbox 1484 1299 1563 1333; x_wconf 90' lang='lat' dir='ltr'>ani-</span> 
     </span>
     <span class='ocr_line' id='line_1_52' title="bbox 918 1351 1562 1403; baseline -0.008 -13"><span class='ocrx_word' id='word_1_265' title='bbox 918 1357 1040 1403; x_wconf 89' lang='lat' dir='ltr'>mique</span> <span class='ocrx_word' id='word_1_266' title='bbox 1051 1355 1158 1389; x_wconf 82' lang='lat' dir='ltr'>vitiis.</span> <span class='ocrx_word' id='word_1_267' title='bbox 1172 1355 1227 1388; x_wconf 85' lang='lat' dir='ltr'>Ita</span> <span class='ocrx_word' id='word_1_268' title='bbox 1238 1378 1250 1394; x_wconf 91' lang='lat'>,</span> <span class='ocrx_word' id='word_1_269' title='bbox 1267 1366 1352 1399; x_wconf 83' lang='lat' dir='ltr'>ergo</span> <span class='ocrx_word' id='word_1_270' title='bbox 1363 1378 1374 1394; x_wconf 86' lang='lat'>‚</span> <span class='ocrx_word' id='word_1_271' title='bbox 1389 1351 1433 1386; x_wconf 89' lang='lat' dir='ltr'>ad</span> <span class='ocrx_word' id='word_1_272' title='bbox 1451 1352 1562 1386; x_wconf 76' lang='lat' dir='ltr'>totius</span> 
     </span>
     <span class='ocr_line' id='line_1_53' title="bbox 916 1405 1562 1454; baseline -0.009 -11"><span class='ocrx_word' id='word_1_273' title='bbox 916 1410 1025 1453; x_wconf 86' lang='lat' dir='ltr'>hujus</span> <span class='ocrx_word' id='word_1_274' title='bbox 1049 1406 1340 1454; x_wconf 78' lang='lat' dir='ltr'>praestantissimae</span> <span class='ocrx_word' id='word_1_275' title='bbox 1365 1405 1478 1438; x_wconf 54' lang='lat' dir='ltr'>satira}</span> <span class='ocrx_word' id='word_1_276' title='bbox 1505 1405 1562 1438; x_wconf 84' lang='lat' dir='ltr'>in·</span> 
     </span>
     <span class='ocr_line' id='line_1_54' title="bbox 917 1458 1561 1507; baseline -0.008 -12"><span class='ocrx_word' id='word_1_277' title='bbox 917 1461 1161 1507; x_wconf 83' lang='lat' dir='ltr'>telligentiam,</span> <span class='ocrx_word' id='word_1_278' title='bbox 1174 1471 1314 1493; x_wconf 89' lang='lat' dir='ltr'>mecum</span> <span class='ocrx_word' id='word_1_279' title='bbox 1327 1483 1339 1499; x_wconf 84' lang='lat'>‚</span> <span class='ocrx_word' id='word_1_280' title='bbox 1354 1459 1468 1492; x_wconf 88' lang='lat' dir='ltr'>lector</span> <span class='ocrx_word' id='word_1_281' title='bbox 1477 1482 1489 1499; x_wconf 90' lang='lat'>‚</span> <span class='ocrx_word' id='word_1_282' title='bbox 1504 1458 1561 1491; x_wconf 92' lang='lat' dir='ltr'>in-</span> 
     </span>
     <span class='ocr_line' id='line_1_55' title="bbox 918 1509 1562 1558; baseline -0.006 -11"><span class='ocrx_word' id='word_1_283' title='bbox 918 1514 1079 1547; x_wconf 90' lang='lat' dir='ltr'>choatam</span> <span class='ocrx_word' id='word_1_284' title='bbox 1103 1510 1246 1558; x_wconf 87' lang='lat' dir='ltr'>pridem</span> <span class='ocrx_word' id='word_1_285' title='bbox 1273 1509 1368 1555; x_wconf 74' lang='lat' dir='ltr'>(vid.</span> <span class='ocrx_word' id='word_1_286' title='bbox 1390 1519 1492 1545; x_wconf 88' lang='lat' dir='ltr'>notas</span> <span class='ocrx_word' id='word_1_287' title='bbox 1514 1509 1562 1544; x_wconf 82' lang='lat' dir='ltr'>ad</span> 
     </span>
     <span class='ocr_line' id='line_1_56' title="bbox 916 1565 1562 1612; baseline -0.008 -12"><span class='ocrx_word' id='word_1_288' title='bbox 916 1579 952 1600; x_wconf 78' lang='lat' dir='ltr'>v.</span> <span class='ocrx_word' id='word_1_289' title='bbox 969 1566 1036 1609; x_wconf 88' lang='lat'>58)</span> <span class='ocrx_word' id='word_1_290' title='bbox 1057 1565 1227 1612; x_wconf 76' lang='lat' dir='ltr'>analysim</span> <span class='ocrx_word' id='word_1_291' title='bbox 1244 1572 1382 1609; x_wconf 83' lang='lat' dir='ltr'>repetas</span> <span class='ocrx_word' id='word_1_292' title='bbox 1393 1588 1404 1604; x_wconf 92' lang='lat'>‚</span> <span class='ocrx_word' id='word_1_293' title='bbox 1421 1571 1456 1597; x_wconf 89' lang='lat' dir='ltr'>et</span> <span class='ocrx_word' id='word_1_294' title='bbox 1474 1575 1562 1596; x_wconf 90' lang='lat' dir='ltr'>con-</span> 
     </span>
     <span class='ocr_line' id='line_1_57' title="bbox 918 1614 1562 1652; baseline -0.006 0"><span class='ocrx_word' id='word_1_295' title='bbox 918 1619 1036 1652; x_wconf 86' lang='lat' dir='ltr'>tinues</span> <span class='ocrx_word' id='word_1_296' title='bbox 1067 1630 1208 1652; x_wconf 83' lang='lat' dir='ltr'>necesse</span> <span class='ocrx_word' id='word_1_297' title='bbox 1239 1615 1434 1650; x_wconf 85' lang='lat' dir='ltr'>admodum</span> <span class='ocrx_word' id='word_1_298' title='bbox 1462 1614 1562 1649; x_wconf 83' lang='lat' dir='ltr'>vide·</span> 
     </span>
     <span class='ocr_line' id='line_1_58' title="bbox 919 1670 1563 1710; baseline -0.008 -6"><span class='ocrx_word' id='word_1_299' title='bbox 919 1678 989 1704; x_wconf 85' lang='lat' dir='ltr'>tur.</span> <span class='ocrx_word' id='word_1_300' title='bbox 1002 1696 1009 1703; x_wconf 95' lang='lat'>.</span> <span class='ocrx_word' id='word_1_301' title='bbox 1020 1696 1029 1703; x_wconf 92' lang='lat'>.</span> <span class='ocrx_word' id='word_1_302' title='bbox 1040 1695 1049 1702; x_wconf 89' lang='lat'><strong>.</strong></span> <span class='ocrx_word' id='word_1_303' title='bbox 1080 1671 1188 1702; x_wconf 77' lang='lat' dir='ltr'>stertis</span> <span class='ocrx_word' id='word_1_304' title='bbox 1217 1670 1325 1701; x_wconf 73' lang='lat' dir='ltr'>adhuc</span> <span class='ocrx_word' id='word_1_305' title='bbox 1341 1674 1361 1700; x_wconf 75' lang='lat'>.³</span> <span class='ocrx_word' id='word_1_306' title='bbox 1383 1670 1563 1710; x_wconf 71' lang='lat' dir='ltr'>laxumque</span> 
     </span>
     <span class='ocr_line' id='line_1_59' title="bbox 918 1723 1563 1766; baseline -0.006 -11"><span class='ocrx_word' id='word_1_307' title='bbox 918 1733 1034 1766; x_wconf 82' lang='lat' dir='ltr'>caput,</span> <span class='ocrx_word' id='word_1_308' title='bbox 1050 1732 1164 1755; x_wconf 66' lang='lat' dir='ltr'>eta...</span> <span class='ocrx_word' id='word_1_309' title='bbox 1186 1725 1243 1754; x_wconf 80' lang='lat' dir='ltr'>Est</span> <span class='ocrx_word' id='word_1_310' title='bbox 1260 1723 1390 1764; x_wconf 81' lang='lat' dir='ltr'>aliquid</span> <span class='ocrx_word' id='word_1_311' title='bbox 1406 1733 1472 1763; x_wconf 85' lang='lat' dir='ltr'>quo</span> <span class='ocrx_word' id='word_1_312' title='bbox 1491 1730 1563 1752; x_wconf 76' lang='lat' dir='ltr'>een-</span> 
     </span>
     <span class='ocr_line' id='line_1_60' title="bbox 919 1775 1563 1818; baseline -0.005 -10"><span class='ocrx_word' id='word_1_313' title='bbox 919 1778 993 1808; x_wconf 82' lang='lat' dir='ltr'>dis?</span> <span class='ocrx_word' id='word_1_314' title='bbox 1005 1777 1178 1818; x_wconf 75' lang='lat' dir='ltr'>anpassim</span> <span class='ocrx_word' id='word_1_315' title='bbox 1196 1775 1336 1818; x_wconf 79' lang='lat' dir='ltr'>sequeris</span> <span class='ocrx_word' id='word_1_316' title='bbox 1353 1778 1523 1806; x_wconf 78' lang='lat' dir='ltr'>corvos?..</span> <span class='ocrx_word' id='word_1_317' title='bbox 1534 1795 1563 1805; x_wconf 76' lang='lat'>.-</span> 
     </span>
     <span class='ocr_line' id='line_1_61' title="bbox 920 1827 1563 1870; baseline -0.005 -10"><span class='ocrx_word' id='word_1_318' title='bbox 920 1832 1052 1861; x_wconf 75' lang='lat' dir='ltr'>Frustra</span> <span class='ocrx_word' id='word_1_319' title='bbox 1060 1829 1233 1860; x_wconf 79' lang='lat' dir='ltr'>remedium</span> <span class='ocrx_word' id='word_1_320' title='bbox 1241 1827 1563 1870; x_wconf 58' lang='lat' dir='ltr'>quaesietisstffinjam</span> 
     </span>
     <span class='ocr_line' id='line_1_62' title="bbox 919 1879 1565 1913; baseline -0.006 0"><span class='ocrx_word' id='word_1_321' title='bbox 919 1883 1045 1913; x_wconf 81' lang='lat' dir='ltr'>morbus</span> <span class='ocrx_word' id='word_1_322' title='bbox 1069 1881 1310 1912; x_wconf 55' lang='lat' dir='ltr'>invaluenh...</span> <span class='ocrx_word' id='word_1_323' title='bbox 1336 1879 1483 1910; x_wconf 81' lang='lat' dir='ltr'>Veniemi</span> <span class='ocrx_word' id='word_1_324' title='bbox 1508 1890 1565 1909; x_wconf 69' lang='lat' dir='ltr'>oen</span> 
     </span>
     <span class='ocr_line' id='line_1_63' title="bbox 918 1931 1560 1963; baseline -0.006 0"><span class='ocrx_word' id='word_1_325' title='bbox 918 1943 1013 1963; x_wconf 79' lang='lat' dir='ltr'>curre</span> <span class='ocrx_word' id='word_1_326' title='bbox 1023 1932 1142 1962; x_wconf 66' lang='lat' dir='ltr'>morbo.</span> <span class='ocrx_word' id='word_1_327' title='bbox 1152 1954 1160 1961; x_wconf 93' lang='lat'>.</span> <span class='ocrx_word' id='word_1_328' title='bbox 1171 1954 1179 1961; x_wconf 90' lang='lat'><em>.</em></span> <span class='ocrx_word' id='word_1_329' title='bbox 1190 1954 1199 1961; x_wconf 93' lang='lat'>.</span> <span class='ocrx_word' id='word_1_330' title='bbox 1208 1931 1303 1962; x_wconf 71' lang='lat' dir='ltr'>Disce</span> <span class='ocrx_word' id='word_1_331' title='bbox 1315 1941 1429 1961; x_wconf 72' lang='lat' dir='ltr'>musas</span> <span class='ocrx_word' id='word_1_332' title='bbox 1440 1940 1560 1960; x_wconf 85' lang='lat' dir='ltr'>rerum.</span> 
     </span>
     <span class='ocr_line' id='line_1_64' title="bbox 922 1979 1563 2027; baseline -0.005 -12"><span class='ocrx_word' id='word_1_333' title='bbox 922 1984 1145 2025; x_wconf 63' lang='lat' dir='ltr'>Quidsmnus,</span> <span class='ocrx_word' id='word_1_334' title='bbox 1165 1991 1224 2014; x_wconf 77' lang='lat' dir='ltr'>etc.</span> <span class='ocrx_word' id='word_1_335' title='bbox 1243 1981 1439 2027; x_wconf 83' lang='lat' dir='ltr'>(Sequitur</span> <span class='ocrx_word' id='word_1_336' title='bbox 1451 1979 1563 2013; x_wconf 87' lang='lat' dir='ltr'>admi-</span> 
     </span>
     <span class='ocr_line' id='line_1_65' title="bbox 917 2033 1562 2079; baseline -0.006 -10"><span class='ocrx_word' id='word_1_337' title='bbox 917 2034 1072 2069; x_wconf 87' lang='lat' dir='ltr'>randum</span> <span class='ocrx_word' id='word_1_338' title='bbox 1094 2035 1204 2069; x_wconf 86' lang='lat' dir='ltr'>totius</span> <span class='ocrx_word' id='word_1_339' title='bbox 1227 2034 1422 2068; x_wconf 84' lang='lat' dir='ltr'>stoicorum</span> <span class='ocrx_word' id='word_1_340' title='bbox 1442 2033 1562 2079; x_wconf 84' lang='lat' dir='ltr'>philo-</span> 
     </span>
     <span class='ocr_line' id='line_1_66' title="bbox 917 2086 1563 2136; baseline -0.008 -13"><span class='ocrx_word' id='word_1_341' title='bbox 917 2090 1052 2136; x_wconf 64' lang='lat' dir='ltr'>sophia</span> <span class='ocrx_word' id='word_1_342' title='bbox 1066 2089 1209 2122; x_wconf 83' lang='lat' dir='ltr'>moralis</span> <span class='ocrx_word' id='word_1_343' title='bbox 1222 2086 1480 2134; x_wconf 81' lang='lat' dir='ltr'>compendium</span> <span class='ocrx_word' id='word_1_344' title='bbox 1493 2098 1563 2118; x_wconf 88' lang='lat' dir='ltr'>un-</span> 
     </span>
     <span class='ocr_line' id='line_1_67' title="bbox 918 2138 1563 2182; baseline -0.009 -7"><span class='ocrx_word' id='word_1_345' title='bbox 918 2141 1035 2175; x_wconf 86' lang='lat' dir='ltr'>decim</span> <span class='ocrx_word' id='word_1_346' title='bbox 1043 2141 1205 2174; x_wconf 81' lang='lat' dir='ltr'>versibus</span> <span class='ocrx_word' id='word_1_347' title='bbox 1218 2140 1398 2173; x_wconf 82' lang='lat' dir='ltr'>inclusum</span> <span class='ocrx_word' id='word_1_348' title='bbox 1406 2141 1420 2182; x_wconf 94' lang='lat'><em>)</em></span> <span class='ocrx_word' id='word_1_349' title='bbox 1428 2164 1436 2171; x_wconf 93' lang='lat'>.</span> <span class='ocrx_word' id='word_1_350' title='bbox 1445 2163 1452 2170; x_wconf 96' lang='lat'>.</span> <span class='ocrx_word' id='word_1_351' title='bbox 1462 2163 1469 2170; x_wconf 95' lang='lat'><strong>.</strong></span> <span class='ocrx_word' id='word_1_352' title='bbox 1478 2163 1486 2170; x_wconf 91' lang='lat'>.</span> <span class='ocrx_word' id='word_1_353' title='bbox 1502 2138 1563 2170; x_wconf 78' lang='grc' dir='ltr'>Ηίσ</span> 
     </span>
     <span class='ocr_line' id='line_1_68' title="bbox 917 2190 1562 2236; baseline -0.006 -11"><span class='ocrx_word' id='word_1_354' title='bbox 917 2195 1036 2236; x_wconf 83' lang='lat' dir='ltr'>aliquis</span> <span class='ocrx_word' id='word_1_355' title='bbox 1044 2195 1187 2226; x_wconf 80' lang='lat' dir='ltr'>centurio</span> <span class='ocrx_word' id='word_1_356' title='bbox 1201 2194 1362 2231; x_wconf 57' lang='lat' dir='ltr'>hircosus,</span> <span class='ocrx_word' id='word_1_357' title='bbox 1368 2193 1427 2223; x_wconf 82' lang='lat' dir='ltr'>vel</span> <span class='ocrx_word' id='word_1_358' title='bbox 1437 2192 1512 2222; x_wconf 79' lang='lat' dir='ltr'>huic</span> <span class='ocrx_word' id='word_1_359' title='bbox 1519 2190 1562 2221; x_wconf 77' lang='lat' dir='ltr'>si-</span> 
     </span>
     <span class='ocr_line' id='line_1_69' title="bbox 917 2243 1561 2290; baseline -0.009 -11"><span class='ocrx_word' id='word_1_360' title='bbox 917 2248 1000 2279; x_wconf 79' lang='lat' dir='ltr'>milis</span> <span class='ocrx_word' id='word_1_361' title='bbox 1007 2248 1102 2279; x_wconf 79' lang='lat' dir='ltr'>dicet:</span> <span class='ocrx_word' id='word_1_362' title='bbox 1112 2248 1211 2290; x_wconf 78' lang='lat' dir='ltr'>Quod</span> <span class='ocrx_word' id='word_1_363' title='bbox 1214 2247 1292 2277; x_wconf 80' lang='lat' dir='ltr'>satis</span> <span class='ocrx_word' id='word_1_364' title='bbox 1300 2254 1356 2282; x_wconf 81' lang='lat' dir='ltr'>est,</span> <span class='ocrx_word' id='word_1_365' title='bbox 1364 2246 1454 2286; x_wconf 75' lang='lat' dir='ltr'>sapio</span> <span class='ocrx_word' id='word_1_366' title='bbox 1463 2243 1561 2275; x_wconf 80' lang='lat' dir='ltr'>mihi.-</span> 
     </span>
     <span class='ocr_line' id='line_1_70' title="bbox 918 2296 1559 2342; baseline -0.011 -10"><span class='ocrx_word' id='word_1_367' title='bbox 918 2312 983 2332; x_wconf 84' lang='lat' dir='ltr'>non</span> <span class='ocrx_word' id='word_1_368' title='bbox 1003 2312 1063 2342; x_wconf 81' lang='lat' dir='ltr'>ego</span> <span class='ocrx_word' id='word_1_369' title='bbox 1083 2312 1160 2332; x_wconf 82' lang='lat' dir='ltr'>curo</span> <span class='ocrx_word' id='word_1_370' title='bbox 1180 2311 1244 2330; x_wconf 78' lang='lat' dir='ltr'>esse</span> <span class='ocrx_word' id='word_1_371' title='bbox 1270 2298 1361 2340; x_wconf 83' lang='lat' dir='ltr'>quod</span> <span class='ocrx_word' id='word_1_372' title='bbox 1377 2296 1559 2332; x_wconf 78' lang='lat' dir='ltr'>Arcesilas,-</span> 
     </span>
     <span class='ocr_line' id='line_1_71' title="bbox 1050 2348 1563 2392; baseline -0.01 -8"><span class='ocrx_word' id='word_1_373' title='bbox 1050 2353 1134 2383; x_wconf 78' lang='grc' dir='ltr'><strong><em>Ηιιὶι·</em></strong></span> <span class='ocrx_word' id='word_1_374' title='bbox 1154 2351 1293 2383; x_wconf 81' lang='lat' dir='ltr'>sermoni</span> <span class='ocrx_word' id='word_1_375' title='bbox 1317 2349 1414 2392; x_wconf 77' lang='lat' dir='ltr'>impio</span> <span class='ocrx_word' id='word_1_376' title='bbox 1439 2348 1563 2390; x_wconf 79' lang='lat' dir='ltr'>suffia·</span> 
     </span>
     <span class='ocr_line' id='line_1_72' title="bbox 1268 2405 1565 2445; baseline -0.007 -10"><span class='ocrx_word' id='word_1_377' title='bbox 1268 2405 1339 2445; x_wconf 74' lang='lat' dir='ltr'>Ego</span> <span class='ocrx_word' id='word_1_378' title='bbox 1366 2410 1473 2434; x_wconf 82' lang='lat' dir='ltr'>autem</span> <span class='ocrx_word' id='word_1_379' title='bbox 1499 2414 1565 2434; x_wconf 84' lang='lat' dir='ltr'>res·</span> 
     </span>
    </p>
   </div>
   <div class='ocr_carea' id='block_1_7' title="bbox 917 2361 1242 2448">
    <p class='ocr_par' dir='ltr' id='par_1_12' title="bbox 917 2361 1242 2448">
     <span class='ocr_line' id='line_1_73' title="bbox 918 2361 1033 2384; baseline 0 0"><span class='ocrx_word' id='word_1_380' title='bbox 918 2361 977 2384; x_wconf 83' lang='lat' dir='ltr'>etc.</span> <span class='ocrx_word' id='word_1_381' title='bbox 986 2376 995 2383; x_wconf 90' lang='lat'><strong>.</strong></span> <span class='ocrx_word' id='word_1_382' title='bbox 1005 2376 1013 2383; x_wconf 88' lang='lat'><strong>.</strong></span> <span class='ocrx_word' id='word_1_383' title='bbox 1024 2376 1033 2384; x_wconf 88' lang='lat'><strong>.</strong></span> 
     </span>
     <span class='ocr_line' id='line_1_74' title="bbox 917 2406 1242 2448; baseline -0.006 -12"><span class='ocrx_word' id='word_1_384' title='bbox 917 2414 1018 2448; x_wconf 76' lang='lat' dir='ltr'>gutur</span> <span class='ocrx_word' id='word_1_385' title='bbox 1038 2406 1186 2447; x_wconf 83' lang='lat' dir='ltr'>populus.</span> <span class='ocrx_word' id='word_1_386' title='bbox 1196 2427 1204 2434; x_wconf 93' lang='lat'><strong>.</strong></span> <span class='ocrx_word' id='word_1_387' title='bbox 1215 2427 1223 2434; x_wconf 96' lang='lat'>.</span> <span class='ocrx_word' id='word_1_388' title='bbox 1233 2427 1242 2434; x_wconf 93' lang='lat'>.</span> 
     </span>
    </p>
   </div>
   <div class='ocr_carea' id='block_1_8' title="bbox 231 2454 1565 2501">
    <p class='ocr_par' dir='ltr' id='par_1_13' title="bbox 231 2454 1565 2501">
     <span class='ocr_line' id='line_1_75' title="bbox 231 2454 1565 2501; baseline 0 -15"><span class='ocrx_word' id='word_1_389' title='bbox 231 2459 346 2487; x_wconf 61' lang='lat' dir='ltr'>urent</span> <span class='ocrx_word' id='word_1_390' title='bbox 356 2479 368 2495; x_wconf 87' lang='lat'><strong>,</strong></span> <span class='ocrx_word' id='word_1_391' title='bbox 384 2463 570 2501; x_wconf 72' lang='lat' dir='ltr'>comparat.</span> <span class='ocrx_word' id='word_1_392' title='bbox 579 2464 711 2501; x_wconf 80' lang='lat' dir='ltr'>aegroto</span> <span class='ocrx_word' id='word_1_393' title='bbox 726 2455 870 2490; x_wconf 80' lang='lat' dir='ltr'>cuidam</span> <span class='ocrx_word' id='word_1_394' title='bbox 914 2458 1044 2499; x_wconf 74' lang='lat' dir='ltr'>pendeo</span> <span class='ocrx_word' id='word_1_395' title='bbox 1055 2468 1067 2486; x_wconf 93' lang='lat'><em>:</em></span> <span class='ocrx_word' id='word_1_396' title='bbox 1081 2472 1095 2484; x_wconf 82' lang='grc' dir='ltr'>ι</span> <span class='ocrx_word' id='word_1_397' title='bbox 1107 2458 1151 2487; x_wconf 86' lang='lat' dir='ltr'>Tu</span> <span class='ocrx_word' id='word_1_398' title='bbox 1164 2455 1224 2497; x_wconf 77' lang='lat' dir='ltr'>qui</span> <span class='ocrx_word' id='word_1_399' title='bbox 1236 2455 1296 2486; x_wconf 74' lang='lat' dir='ltr'>tibi</span> <span class='ocrx_word' id='word_1_400' title='bbox 1303 2455 1430 2496; x_wconf 77' lang='lat' dir='ltr'>sapiens</span> <span class='ocrx_word' id='word_1_401' title='bbox 1440 2454 1565 2486; x_wconf 74' lang='lat' dir='ltr'>videris</span> 
     </span>
    </p>
   </div>
   <div class='ocr_carea' id='block_1_9' title="bbox 232 2503 870 2552">
    <p class='ocr_par' dir='ltr' id='par_1_14' title="bbox 232 2503 870 2552">
     <span class='ocr_line' id='line_1_76' title="bbox 232 2503 870 2552; baseline 0.003 -14"><span class='ocrx_word' id='word_1_402' title='bbox 232 2503 356 2538; x_wconf 78' lang='lat' dir='ltr'>insano</span> <span class='ocrx_word' id='word_1_403' title='bbox 367 2506 495 2541; x_wconf 88' lang='lat' dir='ltr'>medici</span> <span class='ocrx_word' id='word_1_404' title='bbox 510 2507 655 2541; x_wconf 85' lang='lat' dir='ltr'>consilia</span> <span class='ocrx_word' id='word_1_405' title='bbox 667 2507 870 2552; x_wconf 67' lang='lat' dir='ltr'>respuenti,</span> 
     </span>
    </p>
   </div>
   <div class='ocr_carea' id='block_1_10' title="bbox 234 2555 871 2606">
    <p class='ocr_par' dir='ltr' id='par_1_15' title="bbox 234 2555 871 2606">
     <span class='ocr_line' id='line_1_77' title="bbox 234 2555 871 2606; baseline 0.005 -17"><span class='ocrx_word' id='word_1_406' title='bbox 234 2563 271 2589; x_wconf 82' lang='lat' dir='ltr'>et</span> <span class='ocrx_word' id='word_1_407' title='bbox 288 2555 333 2590; x_wconf 86' lang='lat' dir='ltr'>ad</span> <span class='ocrx_word' id='word_1_408' title='bbox 350 2565 503 2593; x_wconf 86' lang='lat' dir='ltr'>mortem</span> <span class='ocrx_word' id='word_1_409' title='bbox 518 2558 771 2606; x_wconf 82' lang='lat' dir='ltr'>intempestiva</span> <span class='ocrx_word' id='word_1_410' title='bbox 787 2571 871 2592; x_wconf 87' lang='lat' dir='ltr'>cur-</span> 
     </span>
    </p>
   </div>
   <div class='ocr_carea' id='block_1_11' title="bbox 924 2507 1565 2606">
    <p class='ocr_par' dir='ltr' id='par_1_16' title="bbox 924 2507 1565 2606">
     <span class='ocr_line' id='line_1_78' title="bbox 924 2507 1564 2550; baseline 0.003 -14"><span class='ocrx_word' id='word_1_411' title='bbox 924 2523 939 2536; x_wconf 78' lang='lat'><strong>«</strong></span> <span class='ocrx_word' id='word_1_412' title='bbox 954 2516 987 2539; x_wconf 76' lang='lat' dir='ltr'>ee</span> <span class='ocrx_word' id='word_1_413' title='bbox 997 2519 1106 2543; x_wconf 86' lang='lat' dir='ltr'>sa11us‚·</span> <span class='ocrx_word' id='word_1_414' title='bbox 1120 2507 1206 2538; x_wconf 79' lang='lat' dir='ltr'>Imm:</span> <span class='ocrx_word' id='word_1_415' title='bbox 1215 2515 1370 2550; x_wconf 77' lang='lat' dir='ltr'>oegroeum</span> <span class='ocrx_word' id='word_1_416' title='bbox 1378 2507 1467 2538; x_wconf 80' lang='lat' dir='ltr'>vide.</span> <span class='ocrx_word' id='word_1_417' title='bbox 1479 2509 1564 2538; x_wconf 75' lang='lat' dir='ltr'>Fau-</span> 
     </span>
     <span class='ocr_line' id='line_1_79' title="bbox 925 2559 1565 2606; baseline 0 -15"><span class='ocrx_word' id='word_1_418' title='bbox 925 2574 941 2588; x_wconf 78' lang='lat'><strong>«</strong></span> <span class='ocrx_word' id='word_1_419' title='bbox 954 2560 1043 2594; x_wconf 81' lang='lat' dir='ltr'>cibus</span> <span class='ocrx_word' id='word_1_420' title='bbox 1051 2560 1119 2606; x_wconf 72' lang='lat' dir='ltr'>ejus</span> <span class='ocrx_word' id='word_1_421' title='bbox 1131 2567 1304 2602; x_wconf 77' lang='lat' dir='ltr'>exsuperat</span> <span class='ocrx_word' id='word_1_422' title='bbox 1310 2560 1417 2603; x_wconf 75' lang='lat' dir='ltr'>gravis</span> <span class='ocrx_word' id='word_1_423' title='bbox 1426 2559 1543 2591; x_wconf 76' lang='lat' dir='ltr'>halitus</span> <span class='ocrx_word' id='word_1_424' title='bbox 1551 2571 1565 2590; x_wconf 91' lang='lat'>.·</span> 
     </span>
    </p>
   </div>
   <div class='ocr_carea' id='block_1_12' title="bbox 282 2671 1535 2718">
    <p class='ocr_par' dir='ltr' id='par_1_17' title="bbox 282 2671 1535 2718">
     <span class='ocr_line' id='line_1_80' title="bbox 282 2671 1535 2718; baseline 0.006 -17"><span class='ocrx_word' id='word_1_425' title='bbox 282 2671 328 2703; x_wconf 73' lang='lat' dir='ltr'>V.</span> <span class='ocrx_word' id='word_1_426' title='bbox 346 2673 401 2713; x_wconf 73' lang='lat'>⁷⁶·</span> <span class='ocrx_word' id='word_1_427' title='bbox 419 2672 590 2716; x_wconf 61' lang='lat' dir='ltr'>Dffecen&#39;t.</span> <span class='ocrx_word' id='word_1_428' title='bbox 610 2675 697 2707; x_wconf 80' lang='lat' dir='ltr'>Male</span> <span class='ocrx_word' id='word_1_429' title='bbox 710 2675 783 2707; x_wconf 85' lang='lat' dir='ltr'>eod.</span> <span class='ocrx_word' id='word_1_430' title='bbox 797 2673 952 2707; x_wconf 72' lang='lat' dir='ltr'>rauchet.</span> <span class='ocrx_word' id='word_1_431' title='bbox 964 2681 1000 2707; x_wconf 85' lang='lat' dir='ltr'>et</span> <span class='ocrx_word' id='word_1_432' title='bbox 1009 2675 1088 2707; x_wconf 82' lang='lat' dir='ltr'>edit.</span> <span class='ocrx_word' id='word_1_433' title='bbox 1100 2675 1219 2708; x_wconf 73' lang='lat' dir='ltr'>Aldina</span> <span class='ocrx_word' id='word_1_434' title='bbox 1236 2676 1324 2709; x_wconf 76' lang='lat'>1535</span> <span class='ocrx_word' id='word_1_435' title='bbox 1333 2698 1344 2716; x_wconf 86' lang='lat'>‚</span> <span class='ocrx_word' id='word_1_436' title='bbox 1356 2674 1535 2718; x_wconf 65' lang='lat' dir='ltr'>Defecerat.</span> 
     </span>
    </p>
   </div>
  </div>
 </body>
</html>
