1846 3184
344 337 424 380 108

681 338 737 379 A.
772 337 1022 380 PERSII
1066 338 1322 381 FLACCI

394 419 584 477 Despuat
600 419 646 460 in
664 434 826 474 mores;
844 435 1085 478 penemque
1096 453 1108 473 ‚
1129 436 1365 478 arcanaque
1379 421 1520 463 lumbi
1632 423 1677 462 35

395 495 685 545 Runeantem..
707 496 868 553 populo
891 495 1123 538 marcentes
1143 496 1332 554 pandere
1349 497 1508 539 vulvas.

395 571 464 612 Tu
481 574 580 613 cum
601 571 782 613 maxillis
802 571 1050 614 balanatum
1072 588 1254 631 gausape
1273 584 1436 632 pectaS‚

335 699 485 746 figurate
506 697 755 745 accipiendum
773 711 842 744 pro
860 711 980 745 repre-

335 751 511 791 hendere,
534 751 695 797 quamvis
719 751 824 785 tacita
847 752 979 798 cogita-

336 805 443 838 tione.
456 808 554 837 -Ec
571 818 646 837 acre
664 806 800 847 despuat
815 806 849 836 in
865 818 977 838 mores.

337 857 400 902 qui
421 857 630 890 abominans
657 865 737 890 tuos
763 869 880 890 mores
903 857 979 891 haec

336 910 430 944 dicat
448 909 494 944 de
514 919 549 944 te
569 923 648 957 quae
668 918 884 957 sequuntur.
908 912 978 944 -Τὸ

338 978 353 990 ιι
366 963 515 1005 despuat,
533 962 652 1008 inquit
664 962 811 995 Casaub.
822 960 980 996 duorum

339 1031 352 1044 u
368 1015 562 1049 verborum
590 1015 714 1048 locum
746 1015 911 1057 obtinet,
938 1023 980 1049 ut

339 1087 353 1099 ι
369 1069 500 1114 passim
529 1070 730 1103 καταπτύειν
745 1096 754 1111 ,
780 1081 848 1115 pro
870 1082 978 1103 κοιτα-

338 1139 352 1152 «
366 1122 514 1155 πτύοντα
525 1123 724 1167 βλασφημεῖν
736 1135 745 1155 :
760 1121 849 1168 quid
859 1130 980 1156 autem

337 1190 351 1202 a
367 1172 432 1207 iste
455 1172 577 1207 dicet?
598 1186 728 1220 nempe
754 1173 981 1220 impudicum

338 1245 351 1256 «e
368 1235 404 1260 te
429 1239 503 1261 esse
533 1235 568 1261 et
597 1226 889 1273 pathicum‚.xoei
920 1227 978 1264 τὴν

338 1298 351 1310 κ
369 1281 451 1326 ὤραν
466 1282 550 1314 πᾶσι
562 1282 628 1319 ταῖς
637 1284 768 1324 τυχοῦσι
780 1281 979 1326 χαρίζεσθαι,

337 1350 351 1362 ι(
367 1333 423 1367 καὶ
439 1332 482 1366 τὰ
496 1338 652 1378 γυναικῶν
669 1335 797 1367 παθεῖν.
809 1343 822 1355 '²

382 1383 440 1417 35.
474 1388 676 1427 Penemque‚
704 1384 775 1429 eea]
807 1382 980 1417 Ostendet

334 1444 370 1470 te
393 1441 728 1471 runcantem.—Et
748 1450 873 1470 arcana
894 1440 978 1470 lum-

334 1491 368 1522 hi
375 1515 386 1529 ,
400 1500 459 1523 etc.
475 1489 621 1523 Natium
634 1502 757 1523 arcana
767 1515 777 1531 ‚
791 1498 827 1524 et
839 1489 979 1535 puden-

334 1542 395 1577 das
414 1551 531 1589 partes
543 1570 552 1585 ‚
571 1545 624 1577 τὸν
650 1545 736 1590 ὃρξκιν
756 1544 951 1590 ξυρούμενον.

382 1595 439 1629 36.
454 1598 676 1640 Rauennam]
695 1595 790 1629 Pilos
803 1595 889 1629 inde
902 1595 980 1629 stir-

331 1648 432 1693 pitus
451 1647 662 1683 evellentem
674 1673 683 1689 ,
697 1656 738 1682 ut
762 1647 979 1681 amatoribus

334 1701 404 1735 tuis
434 1701 532 1736 laevis
553 1727 561 1742 ,
591 1701 712 1748 glaber
744 1709 779 1735 et
807 1701 979 1735 imberbis

333 1755 440 1799 pusio
460 1753 625 1790 videaris.
647 1756 793 1788 Ram-ari
814 1754 911 1789 enim
931 1754 978 1788 si-

333 1807 477 1853 gnificat
487 1809 634 1855 proprie
641 1809 766 1842 herbas
777 1808 937 1850 inutiles,
945 1815 981 1842 et

334 1861 480 1895 frutices
501 1861 627 1895 noxios
652 1861 803 1895 evellere
823 1873 864 1895 ex
884 1873 978 1908 agro.

334 1917 576 1947 —Marcentes.
599 1915 667 1948 Illo
688 1913 871 1948 horrendo
893 1926 980 1948 con-

334 1968 460 2002 cubitu
467 1968 630 2014 putridas
642 1976 675 2002 et
682 1968 980 2002 contabescentes.

334 2041 381 2046 —-
401 2023 559 2054 Pandere.
598 2019 807 2054 Abutendas
847 2021 981 2054 offerre

335 2073 624 2107 multitudini.—-
635 2075 758 2105 Valvas.
768 2071 937 2106 Podicem
947 2080 982 2106 et

333 2138 442 2160 anum
455 2135 623 2174 tanquam
638 2126 759 2161 vulvas
774 2134 809 2159 et
822 2119 980 2159 membra

334 2178 535 2213 muliebria.
555 2182 635 2211 Lub.

381 2233 440 2278 37.
469 2236 515 2266 Tu
540 2235 632 2272 ciam,
654 2233 725 2279 eta]
755 2232 847 2266 Sunt
870 2232 979 2267 verba

335 2285 495 2332 ejusdem
527 2286 793 2333 reprehensoris
825 2293 860 2319 et
893 2285 978 2320 vitia

333 2339 488 2373 Neronis
509 2338 718 2386 detegentis.
739 2339 797 2372 Tu
816 2340 901 2373 cum
921 2350 978 2372 ca·

333 2393 439 2440 pillos
461 2392 656 2439 unguentis
685 2402 721 2427 et
744 2391 980 2439 myrobolano

334 2446 451 2480 nutris
472 2458 482 2488 ;
511 2458 576 2479 cur
608 2444 780 2492 pudenda
815 2443 950 2491 depilas
966 2443 981 2476 Ρ

335 2499 435 2545 quasi
449 2498 544 2533 dicat
558 2512 566 2531 ε
582 2501 665 2532 cum
678 2507 803 2532 natura
817 2506 851 2531 te
862 2498 981 2531 virum

330 2552 346 2584 f
351 2552 418 2585 ecit
429 2576 438 2593 ,
454 2564 562 2599 quare
577 2561 611 2586 te
624 2552 743 2599 ipsum
756 2549 981 2586 esseminasti.

1031 701 1239 733 -Maxillis.
1255 701 1410 734 Dentato
1429 699 1540 734 instar
1554 699 1678 733 maxil-

1030 751 1144 786 larum
1161 752 1314 798 pectine.
1330 752 1388 786 Sic
1405 752 1521 786 Graeci
1536 756 1651 798 poetae
1665 777 1676 794 ‚

1030 808 1129 839 κτένα
1142 803 1582 842 ὄδῦντωτῆνυ-’Βαῖαηαῖαηῑ
1592 818 1676 849 gau-

1029 869 1118 900 sape.
1132 857 1322 903 Eleganter
1334 858 1459 905 capitis
1471 871 1609 892 comam
1619 871 1679 904 ap-

1030 909 1141 955 pellat
1157 922 1303 953 gausape
1311 923 1325 948 ‚·
1349 909 1449 956 quod
1473 910 1541 944 fuit
1566 922 1679 958 genus

1033 961 1140 995 vestis
1153 973 1275 996 crassae
1288 969 1323 995 et
1332 962 1427 996 villis
1435 962 1547 997 hirtae.
1557 963 1678 1005 Quare

1033 1013 1138 1047 etiam
1156 1013 1201 1047 ad
1221 1025 1305 1048 usus
1322 1013 1543 1048 balinearum
1561 1023 1679 1049 trans-

1031 1066 1099 1100 lata
1109 1075 1192 1100 sunt
1200 1079 1361 1113 gausapa.
1371 1065 1410 1099 C.
1417 1069 1677 1101 -Balanatwm

1031 1119 1224 1154 Perfusum
1231 1133 1270 1154 ac
1278 1119 1482 1154 delibutum
1491 1132 1636 1166 unguen
1641 1128 1679 1154 to

1030 1173 1196 1207 balanino
1208 1198 1219 1215 ‚
1237 1185 1300 1207 seu
1324 1185 1344 1207 e
1365 1172 1507 1206 balano.
1527 1172 1679 1206 Balanus

1031 1235 1152 1260 autem
1172 1235 1224 1260 est
1246 1226 1366 1273 glans,
1383 1238 1445 1259 seu
1463 1225 1602 1259 fructus
1620 1238 1680 1259 ar-

1032 1279 1175 1313 busculi
1194 1291 1268 1313 non
1291 1278 1461 1313 absimilis
1481 1278 1568 1312 nuci
1586 1278 1680 1312 avel-

1031 1332 1131 1372 lanae,
1143 1331 1241 1366 unde
1255 1331 1364 1366 fiebat
1376 1331 1598 1378 exquisitum
1612 1343 1679 1365 nn-

1031 1394 1206 1431 guentum
1215 1393 1250 1419 et
1258 1385 1388 1420 oleum.
1394 1384 1446 1418 Pl.
1455 1384 1516 1418 lib.
1531 1384 1679 1427 XXIII,

1032 1452 1106 1485 cap.
1117 1443 1137 1479 4
1149 1447 1184 1472 et
1199 1439 1229 1472 5.
1243 1439 1329 1472 Hor.
1342 1438 1403 1472 lib.
1415 1438 1485 1479 111,
1494 1436 1552 1472 od.
1565 1449 1622 1482 ²9·
1635 1437 1677 1470 P.

1031 1491 1164 1525 Merito
1189 1490 1334 1525 damnat
1353 1490 1503 1524 Casaub.
1527 1502 1587 1524 eos
1615 1489 1680 1536 qui

1031 1543 1105 1577 haec
1124 1543 1169 1577 de
1185 1543 1295 1577 barba
1313 1543 1516 1589 accipiunt,
1533 1541 1655 1575 dicens
1666 1566 1678 1582 ‚

1031 1595 1175 1630 eosdem
1197 1596 1278 1642 plus
1303 1597 1413 1642 quam
1434 1602 1512 1629 toto
1534 1594 1623 1628 coelo
1643 1602 1680 1628 et

1031 1650 1089 1684 via
1106 1652 1181 1683 tota
1199 1661 1315 1683 errare
1331 1661 1339 1682 ι
1361 1661 1442 1682 nam
1455 1672 1467 1690 ,
1486 1655 1522 1682 et
1540 1646 1579 1681 id
1602 1659 1679 1681 om-

1032 1703 1140 1736 nibus
1163 1714 1396 1736 nummorum
1421 1701 1680 1748 signorumque

1033 1754 1188 1789 scientiae
1206 1754 1332 1801 peritis
1350 1761 1479 1787 notum
1503 1760 1556 1786 est
1569 1777 1581 1794 ‚
1600 1752 1679 1786 scil.

1034 1808 1176 1842 Graecos
1188 1832 1199 1848 ,
1220 1806 1444 1854 temporibus
1462 1804 1656 1840 Alcibiadis
1668 1829 1680 1847 ‚

1034 1870 1071 1895 et
1098 1862 1276 1895 Romanos
1292 1885 1303 1902 ‚
1331 1860 1375 1894 ab
1402 1872 1477 1894 aevo
1503 1859 1686 1906 Scipionis

1033 1914 1190 1948 Africani
1204 1926 1319 1960 usque
1331 1912 1377 1947 ad
1390 1911 1562 1946 Hadriani
1574 1921 1611 1946 et
1622 1912 1679 1946 Μ.

1034 1967 1208 2002 Antonini
1221 1974 1375 2006 aetatem,
1385 1965 1522 2012 pariter
1533 1965 1681 1999 barbam

1035 2020 1187 2055 tondere
1199 2045 1209 2061 ‚
1227 2032 1294 2054 nec
1313 2019 1406 2053 alere
1422 2018 1558 2052 solitos.
1572 2017 1600 2051 F
1601 2029 1681 2051 rus-

1035 2083 1088 2108 tra
1102 2074 1233 2119 interp.
1244 2075 1320 2106 Se'lis
1332 2071 1524 2106 Alcibiadis
1537 2071 1681 2118 signum

1032 2127 1068 2160 in
1079 2127 1265 2160 Gronovio
1276 2126 1442 2167 relatum,
1450 2133 1486 2159 et
1496 2125 1680 2158 Neronem

1031 2180 1156 2219 Musaei
1167 2178 1405 2213 Farnesiensis
1420 2178 1458 2211 in
1471 2177 1680 2224 exemplum

1030 2231 1148 2264 barbae
1171 2231 1275 2264 nobis
1295 2231 1424 2264 affert:
1441 2229 1580 2276 quippe
1598 2228 1681 2275 qui-

1030 2284 1099 2317 bus
1116 2283 1290 2317 levissima
1309 2290 1449 2316 tantum
1462 2281 1555 2315 circa
1573 2292 1681 2327 genas

1032 2345 1146 2371 exstet
1164 2336 1271 2370 barba
1283 2360 1294 2378 ,
1307 2335 1365 2370 vel
1381 2334 1506 2381 potius
1523 2333 1657 2380 lanugo
1669 2358 1681 2375 ,

1034 2390 1149 2437 qualis
1163 2397 1215 2424 est
1227 2413 1238 2431 ‚
1253 2401 1333 2435 quae
1348 2396 1430 2422 ante
1443 2386 1591 2421 barbam
1603 2398 1682 2420 nas·

1033 2443 1128 2477 citur
1140 2467 1151 2484 ‚
1175 2441 1362 2488 qualisque
1388 2439 1558 2474 convenit
1585 2439 1680 2472 Alci-

1032 2494 1131 2541 biadi
1159 2503 1195 2528 et
1217 2493 1354 2528 Neroni
1378 2491 1679 2527 adolescentibus.

1034 2549 1169 2591 Porro,
1185 2559 1252 2582 nec
1272 2559 1311 2582 ea
1329 2546 1462 2593 lanugo
1485 2545 1609 2579 similis
1629 2553 1684 2579 est

378 2670 418 2698 V.
443 2669 496 2700 35.
517 2672 558 2700 In
583 2681 695 2704 mores.
714 2670 911 2709 Thuanem,
933 2667 1090 2701 Mazarin.
1112 2666 1265 2699 Fauchet.
1290 2671 1323 2697 et
1350 2664 1420 2697 duo
1443 2663 1499 2696 alii
1524 2662 1622 2696 codd.
1643 2660 1683 2693 lu·

335 2731 438 2753 mores
448 2732 459 2753 .·
473 2722 564 2754 male.
