1846 3184
333 278 389 320 26

663 278 714 319 A.
753 277 1002 320 PERSII
1043 279 1299 321 FLACCI

389 359 572 418 Occipiti
596 373 707 401 eoeco
718 391 730 413 ,
747 360 921 417 posticae
939 361 1147 403 occurrite
1165 363 1330 403 sannae!

389 436 497 490 Quis
513 436 663 494 populi
680 451 818 478 sermo
843 436 934 478 est?
949 437 1055 491 Quis
1071 437 1215 480 enim?
1235 438 1319 479 nisi
1335 438 1522 480 carmina
1539 438 1659 481 molli

387 512 517 555 Nunc
535 512 707 555 demum
730 528 910 555 numero
930 513 1085 568 fluere,
1108 525 1157 555 ut
1174 529 1251 572 per
1268 515 1358 556 leve
1375 529 1539 557 severos

386 588 591 630 Effundat
605 590 806 645 junctura
823 604 998 648 ungues.
1025 590 1115 631 Scit
1137 589 1311 631 tendere
1328 604 1495 631 versum
1507 621 1519 642 ‚
1614 594 1657 630 65

387 664 488 706 Non
512 679 630 706 secus
652 680 701 706 ac
725 665 761 705 si
784 665 911 707 oculo
936 665 1150 707 rubricam
1170 665 1325 724 dirigat
1341 680 1430 707 uno
1450 681 1460 707 :

387 740 483 782 Sive
504 755 612 798 opus
637 741 682 781 in
706 755 867 793 mores,
885 740 930 781 in
951 741 1125 793 luxum,
1146 741 1190 781 in
1211 740 1390 799 prandia
1411 734 1558 799 regum
1571 772 1583 793 ,

386 816 622 869 Dicereres
647 815 825 875 grandes
849 827 995 858 nostro
1015 816 1088 858 dat
1104 817 1228 860 Musa
1250 822 1396 876 poetae.

326 956 602 1000 sanguin—Quos
615 955 724 986 vivere
732 943 789 998 jus
801 963 854 986 est.
867 953 968 995 Quos

327 1008 498 1042 natalium
509 1007 688 1041 humilitas
707 1019 779 1040 non
799 1006 891 1052 cogit
905 1019 967 1053 spe

326 1060 476 1107 alicujus
488 1059 665 1093 commodi
678 1059 832 1093 scribere
844 1083 855 1100 ‚
870 1067 905 1093 et
915 1071 969 1092 re-

326 1113 433 1148 citare
442 1139 452 1154 ,
468 1113 672 1160 quibusque
686 1112 799 1146 oculis
810 1120 891 1159 post
903 1120 969 1146 ter-

327 1178 413 1212 gum
428 1178 500 1199 non
523 1178 614 1212 opus
636 1173 710 1206 est,
730 1173 798 1199 etc.
817 1165 859 1198 C.
878 1173 912 1199 et
927 1166 967 1200 P.

375 1221 431 1253 62.
454 1219 611 1265 Occipici]
629 1218 785 1264 Occiput
797 1244 808 1260 ‚
822 1231 904 1264 pars
918 1231 971 1254 ca-

326 1271 412 1318 pitis
443 1271 643 1318 posterior,
662 1271 753 1304 sicut
786 1271 943 1317 sinciput
956 1297 968 1315 ,

325 1324 675 1359 anterior.-Posticae
683 1326 839 1357 occurrite
846 1337 968 1358 sannae.

325 1377 506 1412 Abstinete
518 1389 582 1412 vos
605 1389 625 1411 a
646 1376 843 1411 scribendis
867 1377 968 1412 malis

325 1429 499 1470 versibus,
511 1437 616 1476 atque
627 1441 668 1463 eo
682 1428 788 1463 modo
798 1430 968 1475 posticam

326 1481 542 1516 derisionem
551 1482 761 1529 praevertite.
769 1502 817 1508 —-—
825 1484 968 1516 Posticoe.

326 1547 407 1581 quae
426 1535 468 1568 fit
481 1543 576 1582 post.
587 1539 771 1568 —Sannoe.
783 1534 871 1569 Vid.
887 1536 909 1569 J
911 1548 968 1570 uv.

325 1595 390 1622 sat.
405 1588 482 1629 VI,
504 1601 539 1622 v.
560 1588 641 1621 306.

374 1641 432 1675 63.
450 1642 526 1684 Quis
534 1642 650 1685 populi
659 1654 762 1674 sermo
778 1643 870 1685 esee’]
886 1641 970 1674 Haec

325 1693 477 1740 quaestio
511 1694 634 1728 iterata
661 1692 797 1740 pendet
828 1693 872 1727 ab
908 1693 968 1727 illa

327 1758 433 1793 quam
450 1746 488 1780 in
506 1759 568 1781 ore
587 1745 706 1780 divitis
726 1746 896 1793 poetastri
913 1759 967 1780 re-

326 1799 469 1845 posuit,
490 1813 527 1833 v.
549 1799 591 1834 55
605 1824 616 1841 ‚
635 1813 752 1833 verum
774 1800 855 1832 mihi
871 1800 967 1832 dicito

325 1855 366 1887 de
375 1866 434 1885 me.
445 1853 515 1886 Pro
531 1865 567 1886 se
583 1856 687 1899 poeta
696 1854 768 1898 jam
780 1851 967 1898 respondit

325 1905 382 1942 his
402 1905 520 1939 verbis
539 1918 548 1938 :
571 1908 625 1938 vis
647 1907 780 1938 dicam?
801 1907 964 1950 Nugarls,

323 1968 385 1993 etc.
410 1957 517 1993 Dives
538 1966 660 2004 urget,
674 1958 743 1991 hoc
767 1958 868 1991 loco:
890 1959 966 2000 Quis

318 2013 436 2056 populi
440 2024 543 2045 sermo
554 2017 668 2045 est.·’—
678 2013 753 2054 Quis
762 2013 846 2044 enim
853 2017 870 2043 ,³
882 2012 945 2044 nisi
953 2036 963 2049 ,

323 2074 382 2097 ecc.
392 2063 457 2098 His
470 2088 482 2106 ,
494 2076 562 2110 pro
575 2063 756 2102 adulatore
770 2062 964 2110 respondet

325 2126 446 2152 noster
466 2117 628 2152 satiricus
650 2130 658 2150 ε
686 2117 766 2163 quis
786 2129 861 2151 esse
880 2129 963 2162 pos-

325 2170 392 2213 sit3
409 2170 479 2205 nisi
501 2179 544 2206 ut
566 2171 654 2204 urbs
675 2170 839 2204 universa
863 2170 963 2215 quasi

323 2222 553 2258 admiratione
564 2223 697 2270 percita
711 2230 827 2258 cantet
839 2222 963 2256 laudes

325 2285 403 2311 tuas
420 2286 457 2312 et
474 2277 647 2312 encomia.
668 2276 751 2311 Haec
776 2285 812 2311 et
834 2276 963 2310 similia

325 2343 445 2364 coram
471 2339 506 2365 te
533 2330 694 2377 proferet
717 2329 906 2365 adulator:
926 2337 963 2363 at

324 2383 441 2424 enim,
463 2396 483 2417 a
505 2391 606 2429 tergo
619 2408 631 2426 ,
653 2382 806 2417 ridicule
828 2381 836 2415 !
865 2392 963 2421 tunc,

323 2449 385 2469 vos
401 2461 411 2475 ,
438 2437 459 2469 ὅ
478 2437 631 2480 patricii,
652 2436 784 2479 postica
810 2437 966 2468 occurrite

324 2502 436 2522 sannae
448 2494 463 2521 Ι
481 2489 524 2526 Α.

373 2544 430 2583 64.
451 2546 491 2575 Ut
496 2556 559 2586 per
572 2545 636 2576 kae
651 2542 794 2588 severos-J
811 2541 965 2576 Locutio

326 2594 369 2628 ab
393 2604 467 2629 arte
491 2595 608 2630 fabrili
635 2595 802 2631 translata
822 2607 831 2628 ε
859 2607 963 2636 nam,

327 2645 390 2692 qui
409 2658 582 2682 marmora
600 2655 661 2682 aut
683 2647 775 2694 ligna
794 2646 937 2695 poliunt
949 2671 961 2690 ‚

1022 954 1324 1001 operislevitatem
1333 968 1454 1003 ungue
1461 955 1659 1002 explorant;

1022 1007 1123 1054 quod
1145 1009 1291 1055 proprie
1315 1009 1495 1054 ἑξονυχίζειν
1519 1009 1657 1044 dicunt.

1021 1059 1079 1094 Sic
1097 1060 1173 1095 haec
1190 1061 1298 1095 verba
1321 1061 1453 1102 Persii,
1469 1064 1659 1109 περιέφρασε

1021 1110 1190 1146 Sidonius
1200 1112 1319 1158 Apoll.
1334 1112 1398 1146 lib.
1413 1113 1466 1146 IX
1476 1138 1487 1155 ,
1501 1115 1604 1159 epist.
1615 1126 1636 1159 7
1650 1126 1659 1146 :

1026 1168 1104 1197 Tota
1123 1167 1262 1208 denique
1279 1167 1293 1210 (
1302 1162 1465 1212 loquitur
1486 1164 1531 1200 de
1547 1175 1662 1200 struc-

1024 1226 1105 1252 tura
1127 1219 1321 1264 orationis)
1338 1220 1463 1263 liquida
1478 1232 1611 1262 prorsus
1630 1228 1666 1252 ee

1021 1273 1164 1304 ductilis:
1173 1273 1279 1304 veluti
1284 1275 1355 1305 ciam
1367 1273 1565 1314 crystallinas
1572 1285 1663 1305 crus-

1022 1335 1070 1357 tas
1078 1350 1088 1363 ,
1105 1335 1166 1357 aut
1176 1327 1374 1367 onychitinas
1385 1339 1449 1358 non
1461 1327 1599 1369 impacto
1611 1327 1662 1358 di-

1019 1380 1104 1422 gitus
1124 1391 1230 1422 ungue
1246 1380 1458 1421 perlabitur·.·
1481 1380 1618 1422 quippe,
1635 1379 1666 1411 si

1019 1431 1104 1462 nihil
1114 1443 1184 1463 eum
1201 1432 1324 1463 rimosis
1339 1432 1481 1464 obicibus
1494 1440 1663 1475 exceptum

1020 1492 1120 1516 tenax
1139 1483 1296 1526 fractura
1322 1493 1512 1517 remoretur.
1531 1504 1577 1508 —
1595 1484 1663 1516 Scic

1020 1537 1150 1568 tendere
1159 1549 1298 1568 versum.
1315 1547 1532 1583 componere
1544 1561 1555 1579 ‚
1573 1548 1661 1583 pro-

1022 1587 1164 1622 ducere.
1176 1588 1218 1622 C.

1069 1643 1126 1675 66.
1146 1644 1217 1674 Non
1232 1654 1319 1674 secus
1333 1654 1374 1674 ac
1390 1643 1436 1681 si,
1451 1642 1524 1688 eea]
1541 1641 1660 1676 Altera

1019 1694 1224 1741 metaphora
1244 1707 1263 1728 a
1289 1693 1418 1737 fabris3
1441 1694 1505 1740 qui
1529 1694 1661 1728 lineam

1020 1746 1166 1782 ducturi
1176 1755 1322 1787 rectam,
1332 1755 1367 1781 et
1376 1747 1468 1781 hanc
1476 1759 1539 1785 seu
1550 1749 1659 1789 creta,

1019 1809 1082 1831 seu
1116 1797 1261 1831 rubrica
1292 1797 1454 1831 notaturi
1468 1822 1479 1838 ‚
1504 1797 1660 1831 alterum

1018 1849 1194 1885 claudunt
1205 1850 1351 1884 oculum
1361 1874 1373 1891 ‚
1387 1862 1433 1884 ne
1445 1849 1536 1884 radii
1547 1850 1662 1884 visua-

1016 1904 1067 1938 les
1084 1904 1327 1939 distrahantur
1337 1929 1349 1947 ‚
1365 1913 1402 1940 et
1417 1904 1598 1938 aberrent.
1616 1903 1658 1938 P.

1063 1961 1121 2005 67.
1154 1961 1221 1991 Sive
1245 1971 1322 2002 opus
1347 1960 1381 1991 in
1407 1957 1543 2004 meroz]
1576 1957 1660 1993 Sive

1016 2011 1196 2058 scripserit
1207 2011 1242 2044 in
1257 2024 1368 2043 mores.
1379 2010 1457 2044 Hoc
1468 2010 1596 2054 verbo,
1608 2010 1662 2044 in-

1015 2073 1190 2111 terpretes
1207 2063 1415 2098 comoediam
1427 2063 1635 2110 intelligunt
1645 2087 1658 2105 ,

1015 2118 1119 2152 sicuti
1145 2121 1258 2150 luxum
1286 2117 1463 2163 explicant
1489 2117 1631 2150 satiram
1646 2141 1658 2156 ,

1016 2180 1053 2206 et
1089 2173 1233 2215 prandia
1267 2183 1378 2214 regum
1397 2194 1408 2208 ‚
1435 2168 1656 2215 tragoediam.

1015 2227 1110 2256 —In
1127 2225 1273 2266 prandia
1300 2235 1420 2266 regum.
1445 2220 1583 2255 Alludit
1612 2220 1659 2255 ad

1015 2277 1179 2323 Thyestae
1200 2288 1335 2309 coenam
1355 2275 1435 2309 satis
1457 2282 1592 2308 notam.
1613 2275 1657 2308 A.

1062 2330 1117 2364 68.
1131 2333 1186 2363 Res
1195 2329 1356 2374 grandes]
1374 2328 1424 2362 Ut
1437 2340 1544 2374 supra
1555 2341 1659 2372 gran-

1016 2385 1056 2416 de
1078 2383 1215 2425 aliquid.
1239 2381 1574 2414 Ironice.-—Nostro
1603 2383 1663 2413 dat

1019 2438 1113 2468 Musa
1124 2438 1241 2478 poitae.
1259 2434 1351 2467 Sunt
1369 2433 1477 2467 verba
1495 2432 1660 2478 supposi-

1019 2487 1096 2522 titia
1122 2486 1271 2533 populi,
1296 2498 1376 2533 quae
1403 2485 1528 2519 insano
1555 2484 1660 2519 diviti

1017 2541 1128 2575 refert
1144 2539 1531 2574 adulator.——Nostro....
1543 2542 1659 2581 poetae.

1016 2591 1174 2636 Quidam
1198 2617 1209 2634 ,
1239 2592 1307 2625 hoc
1340 2591 1422 2626 loco
1441 2615 1453 2631 ,
1477 2591 1657 2625 Neronem

1015 2645 1111 2692 tangi
1125 2645 1264 2682 volunt.
1284 2644 1322 2677 A.
