1846 3184
279 285 366 338 248
533 287 582 329 e.
617 287 873 331 LUCILII
902 271 1324 334 FRAGMENTA

281 369 406 406 Roma
433 367 635 421 descripsit
654 371 921 410 Brundusium
943 386 1092 425 usque,
1118 387 1426 413 commemorans
1453 375 1537 424 ejus
1562 376 1630 414 iti-

280 433 381 471 neris
401 433 662 473 incommoda.

938 492 958 527 I

329 551 454 589 Millia
473 565 590 602 porro
604 551 664 589 bis
682 552 802 602 quina
819 554 1015 605 octoginta
1029 555 1180 594 videbis

331 616 548 654 Commoda
566 615 616 653 de
635 617 779 667 Capua.
796 617 896 655 Hinc
913 618 1195 670 quinquaginta
1209 628 1326 672 atque
1343 621 1402 660 bis
1419 630 1520 660 octo.

922 685 941 720 I
954 685 985 721 1.

331 746 393 784 Ad
412 753 565 798 portam
583 743 691 784 mille
703 774 714 793 ‚
735 760 756 784 a
775 755 887 798 porta
903 756 961 786 est
981 761 1048 787 sex
1066 749 1157 788 inde
1173 749 1388 790 Salernum.

911 815 931 849 I
942 815 961 850 I
972 814 1003 850 Ῑ.

331 874 429 912 Inde
447 875 718 913 Dicaearchum
733 875 904 928 populos
915 905 927 923 ‚
947 875 1171 928 Delumque
1187 877 1390 918 minorem.

920 942 996 979 IV.

333 1005 528 1055 Campana
546 1007 689 1057 Capua.
934 1059 970 1097 V

341 1148 724 1160 ...............
747 1123 879 1175 Longe
899 1124 971 1161 tria
990 1121 1114 1162 millia
1130 1137 1329 1176 passuum.

788 1179 794 1187 '
917 1191 992 1225 Vl.

333 1254 486 1289 Verum
502 1251 584 1290 haec
603 1252 723 1290 ludus
743 1253 820 1300 ibi,
839 1267 984 1304 susque
1000 1254 1130 1292 omnia
1149 1255 1277 1306 deque
1294 1255 1475 1303 fuerunt,

333 1318 488 1367 Susque
507 1325 546 1354 et
565 1317 694 1368 deque
715 1318 848 1364 fuere,
869 1319 1030 1370 inquam
1043 1348 1054 1366 ,
1075 1320 1227 1365 omnia,
1247 1320 1358 1357 ludu'
1371 1321 1584 1373 jocusque:

331 1380 441 1417 Illud
457 1394 557 1432 opus
577 1382 723 1419 durum
742 1391 787 1420 ut
807 1383 985 1421 Setinum
1005 1384 1228 1422 accessimu'
1247 1385 1386 1432 finem;

334 1446 498 1491 Αἰγίλιποι
517 1453 670 1483 montes
685 1449 821 1484 Aetnae
839 1460 975 1484 omnes
986 1477 997 1493 ‚
1014 1448 1139 1499 asperi
1155 1448 1342 1486 Athones.

908 1514 944 1547 V
954 1513 973 1548 1
985 1514 1015 1548 Ι.

333 1576 522 1612 Praeterea
540 1587 657 1612 omne
677 1574 751 1613 iter
770 1574 848 1613 hoc
866 1583 924 1613 est
941 1575 1121 1613 labosum
1137 1584 1255 1627 atque
1271 1577 1461 1616 lutosum.

883 1642 919 1677 V
929 1642 948 1676 Ι
962 1642 980 1676 Ι
993 1643 1025 1677 Ι.

334 1705 456 1741 Porro
472 1702 652 1741 homines
669 1716 839 1755 nequam
857 1703 995 1742 malus»
1002 1713 1047 1742 ut
1065 1705 1275 1756 quartariu’
1290 1706 1428 1758 cippos

337 1767 530 1818 Colligere
550 1780 696 1806 omnes.
903 1823 923 1858 I
936 1822 975 1858 X

336 1884 507 1923 Mantica
528 1883 703 1922 cantheri
721 1893 847 1923 costas
865 1886 1048 1936 gravitate
1067 1883 1283 1938 premebat.

338 2009 367 2029 1.
399 1996 534 2029 Nonius
556 2007 564 2027 t
594 1994 800 2028 Commodum
815 2021 828 2035 ,
855 1998 940 2029 inte·
991 2009 1065 2030 non
1074 1999 1186 2041 magui
1195 1999 1352 2042 pendere,
1360 2006 1460 2042 atque
1468 1999 1639 2033 interdum

286 2062 381 2094 grum
393 2073 402 2089 ,
419 2058 541 2081 totum.
991 2051 1157 2094 negligere
1175 2059 1207 2083 et
1225 2060 1451 2085 contemnere.

337 2115 368 2135 2.
390 2106 431 2135 A.
457 2100 586 2135 Gellius
601 2126 610 2142 ‚
631 2102 691 2133 lib.
714 2103 731 2133 1
745 2125 754 2140 ‚
777 2113 847 2145 cap.
876 2104 917 2134 16
930 2114 937 2134 :
1041 2113 1071 2143 7.
1083 2105 1234 2136 Nonius:
1250 2103 1304 2136 Ab
1318 2116 1358 2137 eo
1371 2106 1463 2149 quod
1476 2112 1526 2137 est
1536 2105 1638 2143 labos,

287 2158 378 2191 Mille
396 2168 537 2188 numero
556 2157 719 2198 singulari
737 2157 865 2187 dictum
878 2165 937 2188 est.
992 2155 1138 2187 labosum
1152 2158 1250 2196 facit,
1264 2169 1336 2190 non
1352 2157 1570 2190 laboriosum.

338 2213 370 2242 3.
394 2208 515 2242 Festus
529 2221 537 2240 t
554 2209 713 2241 Minorem
734 2210 853 2240 Delum
873 2211 938 2241 Pu·
1039 2210 1069 2239 8.
1083 2213 1214 2241 Festus:
1228 2212 1420 2252 Quartarios
1428 2211 1638 2254 appellabat

288 2266 397 2297 teolos
415 2275 486 2296 esse
511 2264 671 2295 dixerunt
683 2286 693 2302 ‚
713 2263 806 2305 quod
832 2264 936 2294 Delus
989 2262 1120 2303 antiqui
1129 2264 1296 2295 muliones
1305 2265 1640 2306 mercemrios‚quod

286 2318 467 2361 aliquando
477 2317 662 2348 maximum
674 2316 862 2359 emporium
871 2317 940 2348 fue-
992 2322 1142 2356 quartam
1155 2322 1281 2357 partem
1295 2315 1442 2358 quaestfis
1457 2316 1641 2358 capiebant.

289 2371 333 2402 rit
350 2371 453 2402 totius
469 2370 561 2401 orbis
578 2377 751 2400 terrarum.
991 2370 1102 2407 —Et,
1119 2370 1198 2410 quia
1222 2370 1301 2400 mali
1324 2370 1490 2401 muliones
1508 2371 1641 2412 suaju-

338 2429 370 2459 4.
383 2422 545 2465 Porphyr.
557 2423 594 2452 in
604 2424 719 2453 Horat.
730 2421 789 2453 lib.
799 2424 827 2460 Ι,
839 2428 899 2452 sat.
909 2422 940 2453 6.
992 2428 1101 2453 menta
1113 2421 1150 2452 in
1161 2422 1278 2464 cippos
1291 2422 1471 2459 eminentes
1479 2446 1489 2461 ,
1500 2417 1572 2454 nou
1582 2434 1644 2465 per

339 2477 370 2508 5.
389 2476 559 2508 Charisius
571 2499 580 2512 ‚
593 2475 651 2506 lib.
667 2478 701 2506 11
713 2487 720 2506 :
734 2477 843 2519 Longe
851 2499 863 2514 ,
877 2486 940 2518 pro
993 2482 1118 2508 rectam
1130 2476 1217 2508 viam
1233 2475 1400 2507 ducebant
1410 2498 1419 2513 ,
1435 2476 1525 2507 unde
1539 2487 1582 2507 ea.
1590 2476 1642 2507 vel

290 2530 457 2571 praecipue
469 2552 479 2566 ‚
492 2529 646 2560 maxime.
994 2528 1148 2560 caderent
1162 2551 1174 2570 ,
1194 2528 1247 2560 vel
1269 2535 1451 2559 everterent
1471 2528 1621 2560 vehicula
1633 2551 1644 2566 ‚

341 2584 372 2612 6.
392 2583 540 2621 Gellius,
552 2582 611 2613 lib.
628 2584 730 2621 XVI,
749 2593 819 2625 cap.
836 2593 875 2624 9:
892 2583 940 2615 Si·
994 2582 1071 2614 ideo
1088 2582 1253 2613 dicuntur
1270 2581 1419 2623 colligere
1437 2581 1555 2623 cippos.

293 2634 431 2675 gnificat
455 2643 565 2667 autem
586 2647 704 2678 susque
727 2637 832 2678 deque
846 2634 942 2678 ferre
1043 2645 1075 2676 9.
1094 2634 1327 2677 Porphyrion,
1344 2635 1382 2665 in
1399 2636 1513 2666 Horat.
1532 2634 1589 2668 lib.
1606 2637 1644 2674 Ι,

295 2687 407 2717 auimo
419 2698 513 2729 aequo
530 2700 599 2721 esse
609 2713 618 2730 ‚
633 2696 682 2729 et,
698 2690 792 2733 quod
805 2690 941 2729 accidit,
994 2695 1054 2722 sat.
1073 2689 1104 2721 6.
1123 2687 1270 2721 Mamica
1280 2712 1292 2727 ‚
1309 2699 1387 2732 pera
1404 2695 1461 2720 est.
1494 2723 1497 2727 Δ
