1846 3184
294 228 352 279 44
434 224 706 268 SATmAE
737 223 1072 267 SECUNDAE
1103 223 1484 269 ARGUMENT.
1519 202 1522 205 ’

293 310 363 347 His
381 309 599 360 subjungit,
619 307 747 346 omnia
761 315 850 344 vota
866 306 928 344 vel
944 306 1062 357 impia
1074 335 1084 353 ‚
1101 305 1163 343 vel
1177 305 1311 344 frivola
1328 320 1349 344 e
1367 306 1461 344 falsa
1475 306 1523 344 de
1537 306 1623 344 Diis

296 378 477 429 opinione
505 386 633 415 ortum
659 376 803 414 ducere
815 404 826 422 ,
850 389 967 427 quam
995 375 1068 413 sibi
1099 375 1290 413 finxerunt
1314 375 1488 413 homines
1498 404 1510 422 ,
1530 374 1622 413 οὺπι

295 449 425 486 animo
440 447 629 498 corrupti,
646 459 690 484 ac
707 446 879 487 moribus
893 445 1109 496 depravati,
1129 458 1175 482 eo
1193 445 1398 496 impietatis
1413 445 1599 482 devenere
1610 473 1622 489 ‚

297 525 344 555 ut
359 520 462 555 Deos
473 546 484 563 ‚
505 529 612 554 more
637 515 861 560 hominum,
881 514 966 565 capi
984 514 1096 551 donis
1114 514 1187 551 sibi
1204 513 1497 564 persuaderent3
1517 514 1626 552 unde

296 586 481 638 paulatim
493 584 719 623 nundinatio
732 583 908 634 quaedam
918 611 929 628 ‚
946 590 985 619 et
995 611 1006 628 ‚
1022 591 1067 619 ut
1078 582 1185 620 Plato
1199 590 1327 628 vocat,
1340 583 1495 628 ἐμπορικῆ
1507 584 1603 627 τέχνη
1612 609 1622 624 ,

281 657 397 694 ‘inter
424 655 657 694 immortales
688 662 803 704 atque
835 652 1013 691 mortales
1046 652 1161 690 fuerit
1190 652 1362 690 instituta
1389 651 1458 701 (52
1468 673 1521 680 —
1531 665 1580 699 7⁰
1591 651 1622 701 ).

297 726 502 764 Postremis
520 725 686 775 denique
703 723 762 760 his
779 723 951 760 versibus
971 722 1082 773 plane
1100 721 1224 759 aureis
1235 750 1246 768 ‚
1267 721 1621 773 praestantissimum

302 808 402 846 opus
417 788 582 832 absolvit
598 807 607 830 :

488 869 586 911 Qi1in
602 867 725 901 damus
742 865 779 899 id
798 865 934 912 superis
940 889 1404 899 .............

487 925 732 972 Compositum
746 926 804 970 jus
815 948 825 964 ,
841 924 961 969 fasque
978 922 1097 956 animo
1109 946 1120 963 ‚
1131 930 1342 968 sanctosque
1357 933 1516 956 recessus

486 983 617 1019 Mentis
627 1008 637 1026 ,
655 990 689 1016 et
703 982 883 1016 incoctum
899 991 1068 1028 generoso
1085 987 1210 1027 pectus
1225 978 1400 1014 honesto?

1836 2186 1846 2285 ἒξ
