1898 3216
294 312 380 370 xxij
684 312 1043 356 ELENCHUS
1079 313 1277 356 CODD.

292 394 365 432 iste
380 393 520 441 codex,
537 402 575 434 et
589 395 637 434 ab
652 395 811 434 indocto
829 396 951 434 scriba
968 389 1068 434 male
1078 397 1195 436 verba
1211 395 1390 433 dictantis
1405 395 1644 448 percipiente
1705 433 1708 435 .

293 460 472 511 scriptus.

658 536 710 580 V.
740 536 996 579 colbertinus
1021 536 1070 577 II
1099 534 1279 594 (8049).

344 664 478 703 Codex
492 665 809 703 mernbranaceus
822 693 834 711 ‚
854 666 894 702 in
913 664 980 703 fol.
999 673 1177 703 constans
1197 665 1247 710 46
1266 661 1392 711 foliis,
1410 664 1552 716 partim
1565 678 1642 704 uu-

293 729 447 766 decimo
465 759 476 775 ‚
501 730 640 780 partim
666 730 918 780 sequentibus
945 729 1096 767 saeculis
1122 737 1311 767 exaratus.
1343 732 1485 771 Praeter
1509 729 1646 768 satiras

291 794 410 831 Persii
435 795 494 831 XI
518 807 602 832 saec.
631 794 787 832 exhibet
812 794 979 832 Petronii
1010 794 1211 841 safiricon,
1235 797 1276 832 P.
1307 794 1395 844 Syri
1422 794 1641 833 sententias.

292 860 412 895 Recte
437 866 476 895 et
495 859 543 896 ab
572 852 737 910 eleganti
764 859 958 910 doctaque
985 872 1104 896 manu
1133 858 1299 910 scriptus
1327 867 1407 906 est,
1425 867 1465 898 et
1491 873 1512 897 e
1535 859 1645 898 bono

293 922 437 959 ductus
457 923 648 974 exemplo.
677 926 862 961 Praeterea
891 924 1015 961 satiris
1043 923 1256 975 praefigitur
1277 924 1356 962 vita
1379 923 1509 962 Persii.
1536 926 1645 962 Inter

291 988 413 1027 lineas
426 999 464 1027 et
476 990 730 1041 marginibus,
744 990 785 1027 in
804 990 956 1028 duabus
974 990 1171 1041 prioribus
1187 989 1310 1028 satiris
1319 1019 1330 1036 ‚
1342 999 1471 1029 assuta
1484 990 1645 1029 fuerunt

292 1054 439 1092 scholia
454 1054 691 1093 brevissima.
708 1055 947 1094 Nonnullius
965 1063 1023 1093 est
1041 1055 1156 1107 pretii
1173 1055 1244 1093 iste
1261 1055 1400 1094 codex.

630 1181 706 1224 VI.
734 1181 991 1224 colbertinus
1020 1182 1093 1224 III
1130 1182 1305 1241 (8272).

343 1313 666 1361 Membranaceus
681 1315 721 1352 in
739 1315 792 1361 4⁰,
809 1322 990 1352 constans
1008 1315 1054 1352 16
1070 1314 1175 1352 soliis
1185 1343 1196 1360 ,
1211 1316 1272 1353 XI
1288 1315 1432 1353 saeculo
1445 1323 1622 1355 exaratus
1633 1330 1646 1354 ε

294 1378 399 1416 clare
414 1386 453 1416 et
471 1378 593 1416 nitide
609 1378 793 1429 scriptus,
809 1387 847 1416 et
865 1392 913 1416 ex
930 1379 1081 1429 optimo
1099 1378 1310 1429 exemplari
1328 1379 1490 1427 ductus,
1504 1381 1545 1418 in
1563 1394 1645 1432 quo

293 1456 498 1494 perpaucae
522 1442 762 1494 deprehendi
785 1451 949 1495 possunt
969 1443 1133 1481 mendae.
1157 1443 1337 1482 Maximae
1355 1444 1430 1481 fuit
1447 1444 1555 1496 apud
1574 1458 1647 1483 nos

292 1507 532 1544 auctoritatis
545 1536 556 1554 ‚
574 1515 614 1545 et
631 1520 678 1544 eo
697 1507 920 1558 frequenter
939 1507 1002 1544 usi
1017 1520 1163 1545 sumus.
1181 1507 1307 1544 Habet
1324 1508 1498 1546 Persium
1517 1508 1647 1547 solum

294 1583 387 1607 cum
411 1570 569 1608 scholiis
594 1572 768 1608 Cornuto
793 1570 989 1609 attributis
1005 1600 1016 1618 ‚
1039 1579 1125 1609 tum
1151 1571 1414 1622 marginibus,
1436 1580 1522 1609 tum
1546 1572 1651 1610 inter

293 1633 416 1671 lineas
441 1634 591 1685 sparsis.
615 1634 757 1672 Codice
775 1635 850 1672 isto
874 1634 1073 1673 multoties
1097 1635 1157 1672 usi
1178 1635 1346 1682 fuimus,
1367 1643 1406 1673 et
1426 1637 1510 1688 ejus
1523 1636 1648 1673 varias

295 1698 482 1738 lectiones
507 1699 646 1738 sedulo
668 1700 899 1754 notavimus.
928 1700 1002 1738 Hic
1023 1713 1157 1738 versus
1185 1700 1235 1738 ad
1261 1700 1407 1739 calcem
1432 1701 1647 1753 reperitur:

377 1785 589 1851 Expllclt
611 1784 830 1833 intortus
845 1803 938 1852 per
962 1796 1127 1833 totum
1148 1784 1340 1852 perflus
1355 1786 1544 1834 orbem.

598 1934 690 1975 VH.
719 1932 867 1976 Codex
889 1933 1058 1975 Pithoei
1084 1933 1109 1975 I
1141 1933 1322 1992 (8246).

347 2068 667 2106 membranaceus
686 2068 726 2106 in
746 2068 791 2114 4⁰
809 2069 975 2116 minori,
994 2076 1174 2107 constans
1198 2069 1269 2117 137
1292 2069 1417 2116 foliis,
1438 2071 1534 2107 XIII
1555 2082 1647 2108 saec.

298 2141 486 2171 exaratus.
520 2133 687 2172 Exhibet
706 2163 718 2180 ‚
749 2133 792 2171 1⁰
822 2134 938 2186 Oyid.
971 2134 1042 2172 lib.
1073 2134 1123 2172 de
1150 2134 1340 2172 Remedio
1371 2136 1528 2173 Amoris
1556 2148 1649 2173 cum

295 2198 458 2248 glossis3
480 2197 526 2235 2⁰
548 2198 681 2237 Tobiae
706 2198 777 2236 lib.
796 2199 971 2237 versibus
996 2199 1147 2245 latinis,
1167 2207 1325 2237 auctore
1349 2198 1533 2237 Matthaeo
1552 2200 1651 2238 Vin-

296 2261 516 2311 docinensi3
538 2262 575 2300 3⁰
592 2263 798 2301 proverbia
817 2263 919 2301 varia
931 2291 941 2309 ‚
963 2263 1041 2301 sive
1060 2262 1287 2309 sententias3
1309 2271 1411 2300 auct.
1430 2277 1650 2315 anonymo3

299 2327 338 2371 4⁰
354 2330 401 2364 A.
419 2327 539 2365 Persii
555 2327 683 2366 Flacci
698 2328 830 2367 satiras
846 2341 937 2366 cum
952 2328 1111 2380 glossis3
1131 2327 1168 2365 5⁰
1185 2327 1342 2366 Catonis
1357 2327 1520 2366 disticha
1530 2356 1542 2374 ‚
1558 2342 1651 2366 cum

298 2392 598 2438 commentat-im
614 2392 663 2443 ‹fs’
685 2392 870 2434 Gaufridi
896 2392 1049 2444 Anglici
1075 2392 1266 2443 po'e'triam
1292 2404 1433 2429 novam
1456 2391 1506 2429 ad
1527 2394 1651 2430 Inno-

299 2462 451 2491 centem
467 2457 524 2493 111
540 2447 693 2508 pap'gss„
713 2470 810 2495 cum
828 2456 963 2508 glossis
980 2465 1019 2494 et
1036 2455 1213 2502 scholiis3
1233 2456 1271 2503 7⁰
1287 2456 1486 2506 Anonymi
1504 2455 1653 2494 librum

301 2518 367 2554 cui
393 2518 530 2556 titulus
544 2549 555 2566 ‚
581 2523 778 2566 Facetioe,·
801 2521 839 2558 8ο
864 2520 1021 2559 Aemilii
1045 2520 1167 2558 Macri
1194 2532 1352 2558 carmen
1372 2519 1422 2558 de
1442 2519 1654 2558 virtutibus

302 2579 521 2618 herbarum.
548 2584 746 2622 Nonnulla
771 2598 818 2622 ex
844 2584 906 2622 his
933 2593 1022 2622 sunt
1047 2586 1143 2623 XIV
1170 2583 1314 2622 saeculi.
1343 2584 1496 2622 Persius
1520 2592 1653 2622 autem

300 2635 398 2671 XIII
430 2635 572 2673 saeculi.
603 2640 797 2676 Caeterum
826 2638 926 2676 bene
961 2646 1001 2676 et
1037 2645 1215 2676 accurate
1247 2637 1339 2676 satis
1370 2636 1553 2677 scribitur
1580 2638 1652 2676 iste

301 2697 424 2737 codex
437 2726 448 2746 ‚
473 2699 540 2738 sed
559 2699 775 2741 charactere
797 2702 966 2743 Gothico
983 2701 1219 2742 minusculo.
