1846 3184
604 335 616 345 '
672 320 1068 371 UENTONEs.
1390 394 1401 403 ἱ
1461 329 1596 385 δατ,

257 410 432 458 Inflnrit,
450 410 593 450 fluctu
613 409 799 456 erexerit,
819 409 1106 462 enula-mque:

262 475 439 516 Flamina
456 487 530 513 nec
549 473 680 512 flando
696 483 904 513 ventorum
922 473 1021 512 suda
1039 472 1253 512 secundent
1266 487 1285 523 :—
1361 480 1364 481 ’

260 540 403 579 Omnia
419 547 507 578 tum
523 539 627 577 endo
645 539 743 577 mari
756 539 889 576 videas
906 538 1076 576 fervente
1094 539 1250 576 mioere.

262 596 400 643 Prin-u
410 603 625 656 despoliate
634 632 646 650 ,
660 617 706 641 ac
723 603 935 641 detundete
949 603 1126 654 guberna
1137 631 1150 649 ‚
1171 619 1175 625 ·

263 667 455 708 Tonsillas
474 681 636 719 quoque
654 667 901 719 praevalidis
890 681 932 705 m
950 667 1112 705 funibus
1129 675 1263 718 aptas,

263 732 467 771 fluctibus
479 745 503 770 a
520 732 725 828 ventisque
741 732 912 795 adversis
930 732 1092 770 firmiter
1107 740 1154 769 nt
1169 732 1232 770 sit.

278 823 1132 836 ................................
1154 796 1270 834 Tanti

207 875 213 881 ‘
266 863 318 902 Se
331 862 573 913 tempestatis
592 870 744 900 montes
763 860 813 898 ad
834 861 959 898 sidera
978 860 1135 899 tollunt.

271 929 519 964 Armamenta
536 934 690 972 tamen,
711 925 861 963 malum
877 953 889 971 ,
907 925 994 963 vela
1012 926 1143 963 omnia
1162 938 1299 963 servo:

270 991 391 1029 Funis
408 991 512 1028 enim
527 989 703 1041 praecisu'
721 990 822 1036 cito,
841 998 959 1041 atque
974 990 1147 1040 anquina
1164 990 1292 1027 soluta
1305 998 1375 1028 est.

835 1055 875 1091 X
887 1056 907 1093 1
919 1056 950 1091 1.

273 1119 442 1157 Mantioe
460 1116 634 1156 <antheri
649 1126 776 1156 costas
792 1118 977 1170 gravitate
993 1119 1216 1170 premebat,

277 1183 562 1224 succussatoris
579 1184 695 1230 tetri,
715 1183 895 1234 tardique
914 1182 1068 1221 caballi.

276 1251 425 1286 Verum
441 1247 523 1285 haec
541 1247 660 1285 ludus
675 1247 787 1294 ibus,
803 1260 949 1298 susque
963 1247 1094 1285 omnia
1108 1247 1238 1298 deque
1252 1247 1412 1286 fuerunt
1424 1274 1437 1292 ,

281 1319 435 1363 susque
447 1311 530 1349 haec
545 1311 674 1363 deque
689 1312 798 1350 fuere
807 1340 819 1357 ,
832 1312 1015 1363 inquam,
1033 1324 1164 1350 omma
1169 1311 1311 1367 vludu'
1319 1312 1512 1363 jocusque
1526 1326 1536 1349 :

279 1377 382 1415 Illuc
400 1389 500 1428 opus
517 1375 663 1413 durum
677 1405 689 1422 ‚
708 1384 756 1414 ut
772 1377 950 1415 Setinum
967 1377 1190 1414 accessimu'
1209 1376 1306 1413 fines
1318 1406 1331 1423 ,

283 1442 449 1488 Αἰγίλιπα
469 1448 621 1478 montes
638 1442 775 1478 Aetnae
792 1453 949 1485 omnes,
964 1439 1113 1492 asperi,
1133 1439 1319 1478 Athones.

830 1506 871 1542 X
881 1506 901 1542 1
911 1506 931 1541 1
942 1506 976 1541 1.

295 1596 807 1606 ....................
815 1562 902 1606 ’His
918 1568 1047 1605 viscus
1064 1569 1245 1619 aprinum
1256 1597 1268 1614 ‚

286 1633 357 1670 His
375 1632 512 1670 itidem
528 1633 571 1670 in
587 1646 697 1670 coena
716 1633 827 1670 dabis
848 1632 1159 1670 ostrea-millibu‘
1176 1640 1335 1670 centum

285 1697 427 1748 Empta
446 1696 562 1747 (satis
580 1710 758 1748 magnam
775 1709 866 1733 nam
884 1697 1069 1747 piscium,
1090 1704 1130 1733 et
1146 1695 1315 1733 altilium
1331 1695 1412 1733 vim

285 1760 517 1798 lutet-fecisti
528 1789 540 1806 ,
562 1769 612 1797 ut
624 1760 764 1810 video)
774 1775 785 1796 t
801 1763 892 1805 χῖοςε
911 1759 1055 1801 &uvi-3⁷³:

289 1823 439 1861 Vinum
458 1823 640 1861 defusum
658 1838 681 1861 e
701 1824 819 1875 pleno
840 1825 950 1862 dabit
967 1827 1206 1876 oenophoro,
1222 1826 1290 1863 cui

293 1887 360 1926 Nil
377 1887 546 1939 dempsit
561 1887 623 1924 hir
633 1916 645 1934 ,
661 1896 701 1925 et
715 1889 781 1925 cui
795 1889 973 1927 sacculus
989 1889 1194 1927 abstulerit
1208 1889 1280 1927 nil.

841 1955 881 1990 X
893 1955 913 1989 I
923 1955 973 1990 V.

302 2044 708 2053 ................
726 2019 825 2059 Nam
844 2018 1058 2068 sumptibu'
1076 2018 1227 2069 magnis

294 2080 488 2131 Ampliter
504 2088 739 2119 exstructam
756 2082 875 2120 simul
890 2090 1009 2133 atque
1024 2082 1287 2120 accumbimu‘
1306 2095 1496 2127 mensam,

294 2144 419 2182 Malas
436 2143 614 2182 tollimus
632 2146 724 2183 hinc
740 2147 874 2184 ambas
884 2175 897 2192 ‚
918 2155 1037 2198 atque
1054 2148 1194 2184 utimu’
1213 2147 1327 2183 rictu.

294 2208 462 2246 Pulchre
482 2209 632 2247 invitati
649 2211 765 2248 nimis
776 2240 789 2258 ‚
809 2211 1037 2262 acceptique
1056 2211 1237 2261 benigne.

299 2273 477 2311 Vertitur
491 2274 718 2325 oenophoris
734 2276 882 2314 fundus
895 2304 907 2321 ‚
927 2276 1115 2313 sententia
1134 2274 1260 2311 nobis.

299 2337 411 2375 Idem
428 2337 549 2389 epulo
566 2339 678 2377 cibus
690 2368 702 2386 ‚
718 2349 836 2391 atque
858 2340 984 2390 epulae
1001 2339 1108 2376 Jovis
1122 2338 1412 2388 omnipotentis.

862 2406 903 2442 X
914 2406 963 2440 V.

311 2496 797 2506 ...................
816 2467 922 2513 Quid
937 2479 1009 2517 ego
1019 2466 1037 2501 P
1053 2466 1171 2503 simul
1186 2473 1311 2504 ostrea
1324 2479 1441 2504 cerno
1450 2494 1461 2512 ‚

307 2533 398 2569 Non
410 2533 538 2571 norim
554 2532 662 2570 fluvii
681 2532 820 2569 limum
833 2559 844 2575 ‚
861 2543 907 2568 ac
923 2543 1080 2567 coenum
1097 2543 1230 2581 sapere
1245 2529 1375 2581 ipsum
1387 2530 1406 2565 ?

308 2597 456 2646 Rugosi
467 2624 481 2642 ‚
500 2597 681 2648 passique
699 2608 809 2633 senes
826 2594 963 2632 eadem
981 2595 1111 2631 omnia
1127 2602 1333 2645 quaerunt,

310 2660 360 2697 ni
378 2672 479 2710 quos
496 2660 638 2699 divitiae
656 2660 881 2711 producunt
893 2687 904 2705 ‚
925 2667 965 2696 et
983 2667 1101 2710 oeput
1117 2666 1273 2710 ungunt

1309 2737 1362 2764 21
