1846 3184
712 126 715 127 γ
736 110 744 125 3
782 125 788 127 s

685 129 777 183 sfflj‘*

463 358 738 490 ‘CAII
810 367 1337 516 LUCILiI
1399 389 1409 398 “

264 570 744 663 SATIRARUM
790 570 1004 638 QUAE
1054 570 1544 624 SUPERSUNT

598 712 1197 771 FRAGMENTA.

750 886 1064 898 mmmm

529 1000 621 1042 EX
670 999 998 1043 INCERTO
1039 999 1273 1044 LIBRO.

882 1133 916 1169 1.

286 1196 366 1261 V1
374 1236 486 1262 afrus
501 1253 513 1272 ,
536 1223 679 1263 Albine
694 1253 706 1272 ,
727 1233 786 1263 est
806 1225 977 1276 pretium
998 1226 1216 1277 persolvere
1236 1240 1393 1274 verum,

281 1289 402 1335 Queis
419 1289 461 1327 iu
478 1302 698 1336 versamur,
718 1290 830 1341 queis
849 1290 1006 1328 vivimu'
1025 1291 1135 1329 rebu'
1155 1300 1308 1343 potesse
1325 1307 1334 1329 ε

280 1353 415 1390 Virtus
433 1362 491 1390 est
510 1353 661 1391 homini
674 1355 804 1398 ‚scire
826 1354 886 1401 id,
911 1355 1018 1406 quod
1037 1368 1205 1406 quaeque
1223 1356 1363 1394 habeat
1381 1369 1453 1394 res.

280 1416 434 1463 Virtus,
451 1418 547 1455 scire
563 1418 713 1456 homini
730 1427 901 1465 rectum,
918 1412 1038 1465 utile,
1055 1420 1152 1471 quid
1169 1420 1219 1458 sit
1235 1422 1446 1459 honestum
1461 1435 1472 1467 ;

278 1483 376 1528 Quae
389 1482 491 1520 bona
502 1511 512 1528 ,
529 1496 617 1534 quae
630 1483 730 1521 mala
742 1484 855 1530 item,
872 1484 970 1535 quid
982 1485 1120 1522 inutile
1130 1515 1141 1531 ,
1154 1493 1268 1537 turpe
1277 1515 1289 1533 ‚
1303 1486 1576 1525 inhonestum:

278 1536 414 1585 virtus
428 1575 439 1592 ‚
456 1547 674 1598 quaerendae
692 1549 747 1585 rei
766 1548 885 1586 finem
902 1549 999 1586 scire
1018 1549 1283 1603 modumque:

279 1609 412 1648 Virtus
423 1639 434 1657 ‚
452 1611 598 1649 divitiis
616 1612 789 1663 pretium
808 1613 1027 1669 persolxssere
1044 1627 1158 1665 posse
1174 1629 1183 1650 :

277 1673 433 1721 Virtus,
454 1676 496 1713 id
514 1676 627 1722 dare,
649 1677 759 1728 quod
779 1691 821 1714 re
843 1676 925 1727 ipsa
946 1677 1111 1715 debetur
1130 1678 1295 1716 honori:

275 1739 436 1776 Hostem
449 1753 530 1777 esse
541 1749 658 1791 atque
670 1741 874 1778 inimicum
892 1742 1098 1780 hominum
1114 1757 1349 1795 morumque
1360 1744 1555 1784 malorum
1564 1774 1576 1792 ,

277 1804 421 1840 Contra
439 1803 683 1842 defensorem
700 1804 906 1844 hominum
924 1819 1159 1857 morumque
1177 1808 1395 1855 bonorum,

275 1868 522 1918 Magnificare
541 1868 635 1914 hos,
652 1869 713 1906 his
730 1869 830 1907 bene
846 1870 946 1908 velle
957 1900 969 1917 ‚
989 1862 1192 1910 his'vivere
1209 1874 1405 1912 amicum:

275 1932 493 1970 Commoda
510 1941 695 1983 praeterea
714 1935 846 1984 patriae
868 1928 941 1972 s⁶ibi
959 1936 1084 1986 prima
1102 1945 1241 1990 putare
1253 1967 1264 1984 ‚

277 1996 429 2034 Deinde
445 1999 654 2047 parentum
665 2027 677 2045 ‚
694 1999 804 2036 tertia
818 1999 902 2048 jam
920 2008 1194 2058 postremaque
1208 2012 1351 2041 nostra.

859 2066 919 2101 11.
950 2067 952 2069 ’

274 2127 391 2163 Nunc
406 2140 498 2164 vero
509 2156 520 2173 ,
537 2140 560 2164 a
575 2140 690 2165 mane
708 2127 758 2165 ad
776 2137 933 2169 noctem
945 2159 956 2176 ‚
972 2130 1071 2168 festo
1087 2139 1205 2182 atque
1223 2133 1396 2183 profesto
1407 2162 1419 2178 ‚

271 2191 395 2227 Totus
409 2190 505 2228 item
521 2192 742 2243 pariterque
762 2193 845 2231 dies
857 2222 869 2239 ‚
886 2195 1138 2246 populusque
1152 2205 1359 2247 patresque

271 2256 422 2292 ,lactare
440 2254 539 2292 indu
554 2256 640 2294 foro
658 2269 698 2294 se
717 2270 874 2305 omnes,
892 2259 1079 2297 decedere
1096 2273 1292 2311 nusquam
1303 2289 1314 2306 ,

269 2318 350 2357 Uni
368 2331 408 2356 se
426 2328 544 2370 atque
565 2321 693 2359 eidem
714 2323 845 2360 studio
865 2336 1000 2360 omnes
1018 2324 1160 2360 dedere
1178 2333 1217 2360 et
1232 2325 1330 2371 arti;

270 2383 398 2420 Verba
415 2384 507 2422 dare
525 2393 571 2422 ut
589 2395 702 2423 caute
722 2387 871 2437 possint
884 2416 894 2433 ‚
912 2400 1084 2437 pugnare
1102 2388 1261 2434 dolose,

274 2446 465 2486 Blanditia
484 2458 649 2495 certare,
667 2450 818 2487 bonum
841 2451 1021 2488 simulare
1039 2452 1167 2488 virum
1183 2459 1248 2499 se,

274 2510 435 2550 Insidias
455 2514 579 2552 facere
592 2543 603 2561 ,
622 2522 667 2551 ut
685 2515 717 2551 si
737 2513 867 2552 hostes
886 2515 962 2552 sint
980 2511 1164 2554 omnibus
1183 2508 1330 2556 omnes.

272 2637 302 2657 1.
326 2627 532 2669 Lactdmius,
549 2632 744 2664 Divinarum
768 2634 864 2665 Insti—
969 2644 999 2664 2·
1018 2635 1227 2682 Lactantius,
1246 2636 1442 2672 Divinamin
1460 2643 1564 2675 Instit.

219 2678 389 2710 tutionum
401 2702 410 2719 ,
426 2681 485 2713 lib.
502 2685 566 2721 VI,
580 2695 651 2726 cap.
670 2686 699 2716 5.
918 2685 974 2716 lib.
990 2684 1031 2725 V,
1046 2699 1116 2730 cap.
1132 2699 1165 2730 9.

1260 2752 1276 2777 1
1287 2736 1325 2779 5.
