1846 3184
275 279 357 337 176

627 281 681 322 A.
718 278 966 324 PERSII
1008 282 1266 326 FLACCI

327 362 554 404 Exossatus
574 377 674 421 ager
699 364 820 420 juxta
842 375 919 407 est;
943 365 1058 424 Age,
1082 366 1118 408 si
1141 355 1251 408 mihi
1276 367 1396 409 nulla

327 439 349 478 J
352 454 420 480 am
438 439 604 497 reliqua
619 455 672 482 ex
690 441 852 494 amitis,
873 442 1076 500 patruelis
1095 443 1233 495 nulla,
1251 444 1477 502 proneptis

326 516 457 558 Nulla
475 528 620 558 manet
638 518 808 574 patrui,
827 519 980 561 sterilis
999 530 1225 562 matertera
1241 521 1368 573 vixit,
1397 571 1402 577 ¹

329 595 478 651 Deque
497 594 589 635 avia
609 594 798 636 nihilum
820 607 1034 654 superest3
1053 596 1209 640 accedo
1227 598 1410 640 Bovillas
1423 629 1435 651 ,
1582 602 1624 638 55

270 717 381 758 Quasi
401 716 502 749 heres
521 716 686 762 ringatur
705 716 751 751 ad
770 717 845 752 haec
859 743 869 759 ‚
885 727 920 753 et

271 777 488 803 murmuret.
510 769 653 816 Ecquid
675 771 750 805 haec
773 784 828 805 res
853 768 921 806 'tibi

270 824 417 857 molesta
441 823 521 857 est?
540 824 721 857 L.—Non
748 827 851 865 adeo,
872 827 923 858 in-

272 879 353 920 quis.
367 877 615 911 Perobscurus
633 877 692 911 hic
711 878 814 912 locus
831 878 924 911 mul-

272 939 326 964 tas
340 929 471 976 accipit
484 931 812 976 interpretationes.
830 931 899 964 Alii
915 944 923 964 :

273 997 348 1018 non
370 983 460 1018 adeo
483 984 610 1018 fertilis
633 993 669 1018 et
691 985 851 1030 optimus
874 993 926 1019 est

273 1037 409 1072 fundus
433 1047 518 1072 tuus
531 1063 541 1081 ‚
560 1046 602 1071 ut
626 1037 835 1072 hereditatis
854 1047 926 1072 tuae

273 1091 399 1126 avidus
414 1091 479 1125 sim
491 1117 501 1133 ‚
515 1099 551 1125 et
561 1099 681 1125 vetare
695 1092 800 1126 velim
810 1117 820 1133 ‚
837 1092 925 1138 quin

272 1157 421 1191 prorsus
443 1145 482 1178 in
502 1145 708 1191 largitiones
734 1145 924 1187 effundas;

274 1198 331 1232 vel
353 1198 478 1244 potius
503 1210 577 1231 non
606 1198 654 1231 ita
682 1197 779 1232 dives
804 1211 864 1239 es,
884 1207 926 1232 ut

273 1251 331 1285 his
355 1250 523 1284 sufficere
547 1251 670 1297 possis.
697 1252 788 1293 Quas
814 1252 926 1286 inter-

272 1305 429 1351 pretatio
453 1317 496 1338 eo
522 1313 690 1338 contorta
715 1305 826 1351 magis
851 1314 925 1347 est,

275 1357 376 1405 quod
403 1358 618 1404 interpretes
651 1366 751 1392 extra
783 1371 927 1392 sensum

275 1412 454 1457 explicant
491 1421 673 1445 exossatum
692 1437 703 1450 ‚
741 1412 923 1446 fertilem:

273 1476 408 1510 porro,
427 1473 608 1497 exossatum
627 1463 841 1511 significasse
860 1478 928 1498 un·

277 1530 384 1564 quam
393 1518 541 1560 fertilem
552 1543 562 1556 ‚
579 1517 659 1564 quis
676 1530 837 1564 unquam
853 1531 928 1552 cre-

276 1570 361 1604 dat?
374 1571 462 1604 Alii:
479 1574 551 1604 non
567 1570 656 1605 adeo
667 1579 736 1605 tuae
747 1572 928 1618 largitioni

276 1622 448 1658 adversor
466 1635 476 1664 ;
501 1630 554 1656 est
577 1623 674 1656 enim
698 1623 784 1665 tibi,
801 1626 928 1671 juxta,

277 1689 361 1723 ager
391 1676 530 1710 fertilis.
561 1675 743 1711 Eumdem
771 1690 930 1711 errorem

278 1738 376 1764 creat
392 1730 544 1764 verbum
566 1740 741 1764 exossatus.
756 1731 829 1765 Alii
852 1744 931 1765 sen—

278 1796 360 1817 sum
387 1792 552 1830 separant
570 1810 580 1826 ‚
608 1792 644 1817 et
672 1782 802 1819 dicunt
820 1800 829 1818 ε
856 1797 930 1818 non

278 1836 367 1871 adeo
387 1845 457 1871 tuae
477 1838 659 1885 largitioni
677 1838 867 1873 adversor:
885 1838 930 1873 ad

279 1902 360 1936 quae
381 1894 488 1935 poeta
512 1889 710 1936 respondet
724 1904 741 1927 ,ε
769 1901 822 1926 est
842 1891 931 1925 mihi

278 1955 360 1989 ager
384 1943 512 1976 fertilis
531 1946 655 1988 juxta,
678 1955 736 1978 etc.
761 1946 850 1987 Quae
872 1946 931 1978 in·-

278 1995 490 2042 terpretatio
510 2008 604 2042 pene
628 1997 749 2043 inepta
769 2006 843 2040 est;
863 2011 930 2032 nec

277 2050 347 2083 hoc
363 2061 579 2095 responsum
597 2053 715 2095 poetae
735 2051 932 2085 concordat

277 2115 363 2137 cum
395 2101 537 2136 heredis
576 2104 795 2149 proposit03
823 2113 932 2150 atque

279 2165 323 2191 ut
354 2156 449 2190 Galli
479 2155 634 2197 dicunt,
662 2158 740 2189 c'est
763 2160 880 2200 parler
909 2160 931 2190 ὰ

259 2209 394 2254 gbdcom
411 2222 548 2253 rompus.
571 2209 643 2242 Alii
663 2208 811 2243 demum
831 2223 840 2244 :
864 2224 930 2243 non

221 2292 252 2305 f
279 2267 363 2297 adeo
377 2263 559 2308 (verbum
570 2263 708 2310 juris),
727 2276 801 2299 non
816 2263 906 2298 adeo
917 2289 928 2306 ‚

266 2315 419 2364 {accipio
440 2315 679 2351 hereditatem
704 2325 827 2360 tuam3
848 2330 931 2364 ager

264 2366 378 2412 fenim
393 2379 478 2405 tuus
495 2370 551 2415 his
571 2370 744 2418 impensis
755 2396 765 2414 ‚
783 2370 839 2405 his
858 2370 928 2404 lar-

974 719 1171 766 gitionibus
1198 729 1362 753 exossams
1374 746 1384 760 ‚
1410 720 1603 755 exhaustus
1617 746 1628 763 ‚

975 771 1021 806 ad
1047 772 1203 807 nihilum
1234 784 1329 818 pene
1342 773 1530 808 ‘redactus
1564 782 1627 808 est.

976 825 1090 858 Porro
1099 850 1110 866 ‚
1121 825 1219 872 apud
1230 827 1409 861 Romanos
1419 853 1430 866 ‚
1444 840 1560 874 prope
1573 828 1629 861 in-

979 878 1080 911 famis
1097 886 1172 912 erat
1191 879 1251 912 ille
1273 881 1375 926 cujus
1390 880 1628 915 hereditatem

978 932 1191 966 recusabant
1225 933 1437 981 propinqui.
1466 938 1539 979 Age
1551 961 1562 974 ,
1588 937 1629 968 elz

981 983 1052 1019 bien
1063 990 1077 1018 l
1086 987 1227 1029 puisque
1243 995 1279 1019 eu
1299 987 1371 1020 n’en
1391 1000 1484 1020 veum:
1490 1002 1570 1032 pas,
1589 997 1629 1023 tu

979 1038 1216 1074 hereditatem
1237 1039 1353 1073 meam
1375 1052 1450 1074 non
1472 1041 1603 1088 accipis
1618 1066 1630 1083 ‚

981 1093 1101 1139 inquit
1118 1092 1218 1127 dives
1232 1119 1242 1136 ,
1257 1106 1342 1138 age,
1361 1093 1410 1127 ita
1428 1093 1474 1128 sit
1489 1107 1498 1127 e
1519 1095 1631 1128 alium

978 1144 1318 1192 heredem.quaeram
1333 1158 1344 1188 ς
1361 1158 1427 1180 nec
1438 1144 1534 1181 'mihi
1549 1145 1632 1182 dee-

979 1199 1040 1233 rit.
1074 1198 1175 1233 Hanc
1211 1199 1487 1246 explicationem
1519 1200 1633 1234 veluti

980 1252 1173 1298 genuinam
1188 1261 1222 1287 et
1238 1253 1349 1287 solam
1366 1261 1484 1300 aptam
1500 1266 1636 1300 propo-

981 1305 1102 1339 sitioni
1118 1306 1271 1352 recipio.
1284 1304 1380 1341 Vide
1395 1319 1503 1354 supra
1517 1306 1632 1342 varias

981 1359 1167 1394 lectiones.
1188 1361 1231 1393 A.

1030 1413 1088 1446 52.
1118 1415 1315 1457 Exossatusq
1343 1413 1548 1448 Exhaustus
1563 1438 1573 1454 ,
1598 1422 1635 1448 et

979 1466 1059 1514 jarnA
1080 1465 1157 1498 sine
1184 1478 1291 1499 succo
1316 1474 1351 1499 ct
1379 1466 1551 1500 bonitate.
1578 1466 1634 1500 Ita

982 1519 1110 1562 passim
1138 1519 1236 1565 apud
1262 1512 1432 1553 Plautum
1462 1529 1498 1554 et
1525 1520 1612 1554 alios
1623 1545 1634 1562 ,

983 1583 1052 1617 pro
1086 1580 1275 1606 enervatus
1296 1597 1307 1614 ,
1339 1567 1561 1606 debilitatus.
1588 1593 1635 1599 —

982 1628 1095 1657 Juxta.
1114 1624 1192 1670 Hoc
1210 1625 1311 1665 loco,
1327 1624 1425 1659 idem
1440 1638 1479 1658 ac
1492 1638 1608 1672 prope
1623 1651 1634 1667 ,

984 1690 1078 1724 pene
1089 1682 1102 1721 ;'
1116 1686 1157 1712 ut
1173 1678 1210 1720 iu
1226 1679 1488 1724 Caesare,ju.z·ta
1500 1681 1548 1711 ad
1556 1680 1637 1711 sede*-

985 1733 1102 1764 cionem
1137 1742 1284 1778 ventum.
1304 1753 1352 1759 —
1370 1737 1443 1777 Age
1454 1759 1465 1773 ‚
1500 1730 1539 1765 si'
1556 1733 1639 1765 mihi

984 1786 1095 1824 nulla,
1112 1794 1170 1818 etc.
1187 1780 1387 1832 Responsio
1403 1784 1523 1829 diyitis
1537 1797 1617 1832 quae
1628 1810 1638 1825 ,
1676 1781 1681 1785 ’

984 1837 1023 1870 in
1049 1846 1175 1872 nostro
1205 1850 1313 1872 sensu
1330 1864 1340 1881 ,
1367 1846 1463 1872 recte
1491 1837 1637 1872 heredis

984 1883 1105 1925 verbis
1122 1896 1280 1938 aptatur.
1296 1891 1384 1926 Vid.
1405 1905 1487 1939 sup.
1508 1893 1552 1926 A.

1034 1945 1090 1978 53.
1101 1945 1241 1991 Amicis]
1253 1945 1384 1987 Amita‚
1395 1945 1508 1992 patris
1520 1957 1635 1979 soror.

984 2000 1152 2030 Patruelis.
1177 1999 1256 2032 Hoc
1277 1998 1379 2040 loco,
1395 1998 1613 2032 'consobrina
1629 2012 1638 2031 :

985 2060 1227 2098 praeterquam
1251 2051 1352 2098 quod
1375 2052 1556 2098 patrueles
1581 2050 1636 2085 di-

985 2114 1122 2139 cuntur
1135 2118 1175 2139 ex
1190 2105 1335 2140 duobus
1346 2105 1517 2140 fratribus
1529 2103 1637 2145 editi,

985 2158 1193 2194 consobrini
1209 2171 1294 2193 vero
1317 2171 1363 2193 ex
1380 2158 1521 2192 duabus
1537 2170 1637 2192 soro-

983 2211 1095 2245 ribus.
1110 2212 1147 2245 P.

1032 2265 1050 2299 5
1057 2269 1086 2304 4.
1097 2267 1217 2298 Sterilis
1223 2276 1395 2299 matertera
1400 2266 1514 2312 visin]
1525 2266 1558 2299 Si
1567 2279 1641 2300 ma-

984 2318 1048 2351 tris
1062 2331 1149 2352 meae
1164 2330 1266 2352 soror
1280 2319 1425 2353 nullum
1441 2319 1599 2365 reliquit.

1032 2371 1089 2406 55.
1105 2374 1221 2416 Deque
1232 2374 1306 2405 avia
1319 2374 1457 2405 nihilum
1470 2375 1635 2418 superest-J

328 2481 369 2510 V.
397 2479 451 2510 55.
478 2476 632 2510 Bovillas.
650 2493 664 2506 σ
680 2478 823 2510 Bouillas
845 2490 960 2511 omnes
982 2479 1078 2511 codd.
1101 2472 1248 2519 babent,
1263 2480 1376 2522 inquit
1398 2480 1638 2520 Casaubouus,

282 2548 295 2562 ιι
308 2545 379 2564 non
399 2532 557 2569 bohillas‚·
573 2544 641 2575 quo
661 2539 771 2564 tamen
793 2533 896 2564 modo
915 2532 1100 2565 nonnullos
1120 2533 1289 2576 scripsisse
1309 2545 1350 2564 ex
1365 2535 1477 2566 Nonio
1496 2541 1637 2574 constat.

282 2601 294 2613 κ
307 2587 502 2625 Falluntur‚
519 2587 578 2628 qui
600 2597 671 2617 eam
695 2587 894 2628 scripturam
917 2593 1076 2625 tuentur,
1096 2587 1173 2628 quia
1195 2588 1301 2617 Graeci
1317 2586 1468 2618 scribunt
1490 2587 1635 2630 βοΐλΜιιτ

281 2654 294 2666 ιι
305 2651 380 2671 nam
393 2648 442 2671 est
457 2648 493 2672 ut
509 2640 581 2681 βόες
594 2661 605 2678 ,
622 2640 730 2677 boves,
747 2640 792 2678 ὄϊς
803 2665 814 2681 .,
830 2641 911 2679 ovis,
920 2649 959 2673 et
971 2641 1018 2673 ita
1031 2652 1170 2684 semper.
1179 2656 1192 2668 ιι
1207 2641 1289 2673 cod.
1298 2649 1427 2680 noster,
1439 2650 1470 2673 et
1483 2644 1539 2674 alii
1551 2654 1636 2684 quos

281 2691 445 2730 vidimus,
461 2693 584 2724 habeut
603 2693 737 2724 homilias
753 2694 764 2735 «ζ
774 2705 835 2735 pro
855 2694 985 2726 bovillas
993 2718 1006 2734 ,
1025 2705 1046 2726 u
1063 2705 1126 2737 pro
1144 2693 1200 2739 ν),
1215 2701 1247 2726 ct
1260 2705 1375 2726 omnes
1391 2695 1464 2726 edd.
1478 2695 1606 2738 priscae.

1316 2782 1468 2840 dds}-
