<?xml version="1.0" encoding="UTF-8"?>
<!DOCTYPE html PUBLIC "-//W3C//DTD XHTML 1.0 Transitional//EN"
    "http://www.w3.org/TR/xhtml1/DTD/xhtml1-transitional.dtd">
<html xmlns="http://www.w3.org/1999/xhtml" xml:lang="en" lang="en">
 <head>
  <title>
</title>
<meta http-equiv="Content-Type" content="text/html;charset=utf-8" />
  <meta name='ocr-system' content='tesseract 3.04.00' />
  <meta name='ocr-capabilities' content='ocr_page ocr_carea ocr_par ocr_line ocrx_word'/>
</head>
<body>
  <div class='ocr_page' id='page_1' title='image "./satiraeadcodice00persuoft_0198.png"; bbox 0 0 1846 3184; ppageno 0'>
   <div class='ocr_carea' id='block_1_1' title="bbox 334 272 414 316">
    <p class='ocr_par' dir='ltr' id='par_1_1' title="bbox 334 272 414 316">
     <span class='ocr_line' id='line_1_1' title="bbox 334 272 414 316; baseline 0.013 -2"><span class='ocrx_word' id='word_1_1' title='bbox 334 272 414 316; x_wconf 84' lang='grc'><strong>158</strong></span> 
     </span>
    </p>
   </div>
   <div class='ocr_carea' id='block_1_2' title="bbox 387 274 1364 417">
    <p class='ocr_par' dir='ltr' id='par_1_2' title="bbox 387 274 1364 417">
     <span class='ocr_line' id='line_1_2' title="bbox 670 274 1308 320; baseline 0.009 -5"><span class='ocrx_word' id='word_1_2' title='bbox 670 275 722 315; x_wconf 93' lang='lat' dir='ltr'><strong>A.</strong></span> <span class='ocrx_word' id='word_1_3' title='bbox 763 274 1012 318; x_wconf 85' lang='lat' dir='ltr'>PERSII</span> <span class='ocrx_word' id='word_1_4' title='bbox 1056 276 1308 320; x_wconf 90' lang='lat' dir='ltr'>FLACCI</span> 
     </span>
     <span class='ocr_line' id='line_1_3' title="bbox 387 353 1364 417; baseline 0.007 -21"><span class='ocrx_word' id='word_1_5' title='bbox 387 353 575 397; x_wconf 90' lang='lat' dir='ltr'><strong>Herodis</strong></span> <span class='ocrx_word' id='word_1_6' title='bbox 598 356 754 399; x_wconf 72' lang='lat' dir='ltr'><strong>venere</strong></span> <span class='ocrx_word' id='word_1_7' title='bbox 776 356 867 400; x_wconf 92' lang='lat' dir='ltr'><strong>dies</strong></span> <span class='ocrx_word' id='word_1_8' title='bbox 883 390 895 411; x_wconf 91' lang='lat'><strong>‚</strong></span> <span class='ocrx_word' id='word_1_9' title='bbox 919 359 1136 417; x_wconf 66' lang='lat' dir='ltr'><strong>unctaque</strong></span> <span class='ocrx_word' id='word_1_10' title='bbox 1158 360 1341 403; x_wconf 68' lang='lat' dir='ltr'><strong>fenestra</strong></span> <span class='ocrx_word' id='word_1_11' title='bbox 1353 393 1364 415; x_wconf 91' lang='lat'>,</span> 
     </span>
    </p>
   </div>
   <div class='ocr_carea' id='block_1_3' title="bbox 1612 371 1677 406">
    <p class='ocr_par' dir='ltr' id='par_1_3' title="bbox 1612 371 1677 406">
     <span class='ocr_line' id='line_1_4' title="bbox 1612 371 1677 406; baseline 0.015 -1"><span class='ocrx_word' id='word_1_12' title='bbox 1612 371 1677 406; x_wconf 85' lang='lat'><strong>180</strong></span> 
     </span>
    </p>
   </div>
   <div class='ocr_carea' id='block_1_4' title="bbox 385 431 1564 493">
    <p class='ocr_par' dir='ltr' id='par_1_4' title="bbox 385 431 1564 493">
     <span class='ocr_line' id='line_1_5' title="bbox 385 431 1564 493; baseline 0.007 -20"><span class='ocrx_word' id='word_1_13' title='bbox 385 431 611 491; x_wconf 84' lang='lat' dir='ltr'><strong>Dispositae</strong></span> <span class='ocrx_word' id='word_1_14' title='bbox 634 434 841 493; x_wconf 86' lang='lat' dir='ltr'>pinguem</span> <span class='ocrx_word' id='word_1_15' title='bbox 863 435 1066 478; x_wconf 84' lang='lat' dir='ltr'><strong>nebulam</strong></span> <span class='ocrx_word' id='word_1_16' title='bbox 1087 452 1290 481; x_wconf 88' lang='lat' dir='ltr'>vomuere</span> <span class='ocrx_word' id='word_1_17' title='bbox 1313 438 1518 492; x_wconf 85' lang='lat' dir='ltr'><strong>lucernae,</strong></span> <span class='ocrx_word' id='word_1_18' title='bbox 1560 431 1564 434; x_wconf 34' lang='lat'>⁶</span> 
     </span>
    </p>
   </div>
   <div class='ocr_carea' id='block_1_5' title="bbox 282 570 980 1788">
    <p class='ocr_par' dir='ltr' id='par_1_5' title="bbox 282 570 979 818">
     <span class='ocr_line' id='line_1_6' title="bbox 329 570 979 608; baseline 0.003 -2"><span class='ocrx_word' id='word_1_19' title='bbox 329 582 419 606; x_wconf 87' lang='lat' dir='ltr'><strong>ram.</strong></span> <span class='ocrx_word' id='word_1_20' title='bbox 439 570 633 606; x_wconf 88' lang='lat' dir='ltr'><strong>Interdum</strong></span> <span class='ocrx_word' id='word_1_21' title='bbox 658 580 694 606; x_wconf 90' lang='lat' dir='ltr'><strong>et</strong></span> <span class='ocrx_word' id='word_1_22' title='bbox 718 571 867 606; x_wconf 88' lang='lat' dir='ltr'><strong>laudant</strong></span> <span class='ocrx_word' id='word_1_23' title='bbox 881 581 979 608; x_wconf 60' lang='lat' dir='ltr'><strong>‘tem-</strong></span> 
     </span>
     <span class='ocr_line' id='line_1_7' title="bbox 282 624 978 671; baseline 0.004 -14"><span class='ocrx_word' id='word_1_24' title='bbox 282 636 287 641; x_wconf 75' lang='grc'><strong>’</strong></span> <span class='ocrx_word' id='word_1_25' title='bbox 329 635 418 670; x_wconf 90' lang='lat' dir='ltr'><strong>pora</strong></span> <span class='ocrx_word' id='word_1_26' title='bbox 449 636 485 658; x_wconf 92' lang='lat' dir='ltr'><strong>se</strong></span> <span class='ocrx_word' id='word_1_27' title='bbox 515 624 638 671; x_wconf 85' lang='lat' dir='ltr'><strong>pueris</strong></span> <span class='ocrx_word' id='word_1_28' title='bbox 668 632 757 658; x_wconf 90' lang='lat' dir='ltr'><strong>acta.</strong></span> <span class='ocrx_word' id='word_1_29' title='bbox 783 624 907 659; x_wconf 84' lang='lat' dir='ltr'><strong>Horat.</strong></span> <span class='ocrx_word' id='word_1_30' title='bbox 933 626 978 660; x_wconf 89' lang='lat' dir='ltr'><strong>ad</strong></span> 
     </span>
     <span class='ocr_line' id='line_1_8' title="bbox 328 677 978 721; baseline 0.006 -11"><span class='ocrx_word' id='word_1_31' title='bbox 328 677 451 711; x_wconf 87' lang='lat' dir='ltr'><strong>Pison.</strong></span> <span class='ocrx_word' id='word_1_32' title='bbox 463 697 510 703; x_wconf 92' lang='lat'><strong>——</strong></span> <span class='ocrx_word' id='word_1_33' title='bbox 523 678 611 720; x_wconf 84' lang='lat' dir='ltr'><strong>Quid</strong></span> <span class='ocrx_word' id='word_1_34' title='bbox 627 679 808 721; x_wconf 80' lang='lat' dir='ltr'><em>pulchrius.</em></span> <span class='ocrx_word' id='word_1_35' title='bbox 835 679 978 714; x_wconf 81' lang='lat' dir='ltr'><strong>Ironice</strong></span> 
     </span>
     <span class='ocr_line' id='line_1_9' title="bbox 327 729 977 776; baseline 0.005 -12"><span class='ocrx_word' id='word_1_36' title='bbox 327 730 399 764; x_wconf 86' lang='lat' dir='ltr'><strong>hoc</strong></span> <span class='ocrx_word' id='word_1_37' title='bbox 413 729 551 764; x_wconf 83' lang='lat' dir='ltr'><strong>dictum</strong></span> <span class='ocrx_word' id='word_1_38' title='bbox 564 742 582 763; x_wconf 94' lang='lat' dir='ltr'><strong>a</strong></span> <span class='ocrx_word' id='word_1_39' title='bbox 592 733 699 776; x_wconf 72' lang='lat' dir='ltr'><strong>poeta</strong></span> <span class='ocrx_word' id='word_1_40' title='bbox 708 730 977 767; x_wconf 82' lang='lat' dir='ltr'><strong>ambitiosorum</strong></span> 
     </span>
     <span class='ocr_line' id='line_1_10' title="bbox 328 783 763 818; baseline 0.002 -1"><span class='ocrx_word' id='word_1_41' title='bbox 328 783 501 817; x_wconf 86' lang='lat' dir='ltr'><strong>insaniam</strong></span> <span class='ocrx_word' id='word_1_42' title='bbox 520 783 700 818; x_wconf 88' lang='lat' dir='ltr'><strong>irridente.</strong></span> <span class='ocrx_word' id='word_1_43' title='bbox 721 784 763 818; x_wconf 87' lang='lat' dir='ltr'><strong>C.</strong></span> 
     </span>
    </p>

    <p class='ocr_par' dir='ltr' id='par_1_6' title="bbox 327 837 980 1788">
     <span class='ocr_line' id='line_1_11' title="bbox 381 837 978 883; baseline 0.003 -13"><span class='ocrx_word' id='word_1_44' title='bbox 381 837 458 870; x_wconf 90' lang='lat'><strong>180.</strong></span> <span class='ocrx_word' id='word_1_45' title='bbox 484 839 619 882; x_wconf 67' lang='lat' dir='ltr'><strong>Herodis</strong></span> <span class='ocrx_word' id='word_1_46' title='bbox 642 850 766 870; x_wconf 75' lang='lat' dir='ltr'><strong>‘venere</strong></span> <span class='ocrx_word' id='word_1_47' title='bbox 791 839 886 883; x_wconf 83' lang='lat' dir='ltr'><strong>dies.]</strong></span> <span class='ocrx_word' id='word_1_48' title='bbox 911 838 978 873; x_wconf 89' lang='lat' dir='ltr'><strong>Te·</strong></span> 
     </span>
     <span class='ocr_line' id='line_1_12' title="bbox 328 889 979 937; baseline 0.003 -14"><span class='ocrx_word' id='word_1_49' title='bbox 328 890 518 923; x_wconf 88' lang='lat' dir='ltr'><strong>terrimum</strong></span> <span class='ocrx_word' id='word_1_50' title='bbox 536 889 575 923; x_wconf 92' lang='lat' dir='ltr'><strong>in</strong></span> <span class='ocrx_word' id='word_1_51' title='bbox 593 898 755 924; x_wconf 84' lang='lat' dir='ltr'><strong>extremo</strong></span> <span class='ocrx_word' id='word_1_52' title='bbox 779 890 891 937; x_wconf 84' lang='lat' dir='ltr'><strong>tangit</strong></span> <span class='ocrx_word' id='word_1_53' title='bbox 909 904 979 925; x_wconf 86' lang='lat' dir='ltr'><strong>ser-</strong></span> 
     </span>
     <span class='ocr_line' id='line_1_13' title="bbox 327 942 978 992; baseline 0.006 -16"><span class='ocrx_word' id='word_1_54' title='bbox 327 942 453 977; x_wconf 86' lang='lat' dir='ltr'><strong>vitutis</strong></span> <span class='ocrx_word' id='word_1_55' title='bbox 470 955 584 990; x_wconf 85' lang='lat' dir='ltr'><strong>genus</strong></span> <span class='ocrx_word' id='word_1_56' title='bbox 605 944 670 977; x_wconf 87' lang='lat' dir='ltr'><strong>suh</strong></span> <span class='ocrx_word' id='word_1_57' title='bbox 690 943 836 979; x_wconf 87' lang='lat' dir='ltr'><strong>domina</strong></span> <span class='ocrx_word' id='word_1_58' title='bbox 850 954 978 992; x_wconf 80' lang='lat' dir='ltr'><strong>poterr-</strong></span> 
     </span>
     <span class='ocr_line' id='line_1_14' title="bbox 328 995 977 1043; baseline 0.005 -14"><span class='ocrx_word' id='word_1_59' title='bbox 328 995 462 1030; x_wconf 86' lang='lat' dir='ltr'><strong>tissima</strong></span> <span class='ocrx_word' id='word_1_60' title='bbox 486 996 752 1043; x_wconf 84' lang='lat' dir='ltr'><strong>superstitione.</strong></span> <span class='ocrx_word' id='word_1_61' title='bbox 773 997 892 1040; x_wconf 77' lang='lat' dir='ltr'><strong>Quam</strong></span> <span class='ocrx_word' id='word_1_62' title='bbox 911 999 977 1032; x_wconf 90' lang='lat' dir='ltr'><strong>mi-</strong></span> 
     </span>
     <span class='ocr_line' id='line_1_15' title="bbox 328 1049 976 1096; baseline 0.006 -14"><span class='ocrx_word' id='word_1_63' title='bbox 328 1061 423 1091; x_wconf 84' lang='lat' dir='ltr'><strong>sera,</strong></span> <span class='ocrx_word' id='word_1_64' title='bbox 437 1051 547 1096; x_wconf 73' lang='lat' dir='ltr'><strong>quam</strong></span> <span class='ocrx_word' id='word_1_65' title='bbox 568 1049 658 1084; x_wconf 88' lang='lat' dir='ltr'><strong>dura</strong></span> <span class='ocrx_word' id='word_1_66' title='bbox 680 1063 719 1084; x_wconf 89' lang='lat' dir='ltr'><strong>ea</strong></span> <span class='ocrx_word' id='word_1_67' title='bbox 742 1051 788 1085; x_wconf 88' lang='lat' dir='ltr'><strong>sit</strong></span> <span class='ocrx_word' id='word_1_68' title='bbox 803 1051 976 1094; x_wconf 78' lang='lat' dir='ltr'><strong>servitus,</strong></span> 
     </span>
     <span class='ocr_line' id='line_1_16' title="bbox 328 1103 977 1148; baseline 0.006 -13"><span class='ocrx_word' id='word_1_69' title='bbox 328 1109 365 1136; x_wconf 91' lang='lat' dir='ltr'><strong>et</strong></span> <span class='ocrx_word' id='word_1_70' title='bbox 391 1114 499 1148; x_wconf 90' lang='lat' dir='ltr'><strong>supra</strong></span> <span class='ocrx_word' id='word_1_71' title='bbox 527 1114 651 1136; x_wconf 90' lang='lat' dir='ltr'><strong>omnes</strong></span> <span class='ocrx_word' id='word_1_72' title='bbox 679 1103 761 1137; x_wconf 86' lang='lat' dir='ltr'><strong>alias</strong></span> <span class='ocrx_word' id='word_1_73' title='bbox 787 1104 977 1139; x_wconf 85' lang='lat' dir='ltr'><strong>servitutes</strong></span> 
     </span>
     <span class='ocr_line' id='line_1_17' title="bbox 330 1153 977 1204; baseline 0.005 -16"><span class='ocrx_word' id='word_1_74' title='bbox 330 1153 437 1188; x_wconf 89' lang='lat' dir='ltr'><strong>docet</strong></span> <span class='ocrx_word' id='word_1_75' title='bbox 455 1154 667 1190; x_wconf 87' lang='lat' dir='ltr'><strong>Plutarchus</strong></span> <span class='ocrx_word' id='word_1_76' title='bbox 693 1157 731 1189; x_wconf 90' lang='lat' dir='ltr'><strong>in</strong></span> <span class='ocrx_word' id='word_1_77' title='bbox 754 1157 848 1191; x_wconf 91' lang='lat' dir='ltr'><strong>libro</strong></span> <span class='ocrx_word' id='word_1_78' title='bbox 869 1170 977 1204; x_wconf 89' lang='lat' dir='ltr'><strong>quem</strong></span> 
     </span>
     <span class='ocr_line' id='line_1_18' title="bbox 331 1207 978 1257; baseline 0.006 -15"><span class='ocrx_word' id='word_1_79' title='bbox 331 1207 378 1243; x_wconf 88' lang='lat' dir='ltr'><strong>de</strong></span> <span class='ocrx_word' id='word_1_80' title='bbox 393 1221 435 1243; x_wconf 90' lang='lat' dir='ltr'><strong>eo</strong></span> <span class='ocrx_word' id='word_1_81' title='bbox 450 1218 664 1256; x_wconf 87' lang='lat' dir='ltr'><strong>argumento</strong></span> <span class='ocrx_word' id='word_1_82' title='bbox 679 1211 820 1257; x_wconf 90' lang='lat' dir='ltr'><strong>scripsit</strong></span> <span class='ocrx_word' id='word_1_83' title='bbox 833 1224 841 1245; x_wconf 78' lang='grc' dir='ltr'><em>τ</em></span> <span class='ocrx_word' id='word_1_84' title='bbox 860 1213 892 1245; x_wconf 67' lang='grc' dir='ltr'><strong>οἵ</strong></span> <span class='ocrx_word' id='word_1_85' title='bbox 902 1209 978 1246; x_wconf 71' lang='grc' dir='ltr'>δοῦ-</span> 
     </span>
     <span class='ocr_line' id='line_1_19' title="bbox 328 1261 980 1309; baseline 0.006 -14"><span class='ocrx_word' id='word_1_86' title='bbox 328 1267 400 1304; x_wconf 82' lang='grc' dir='ltr'>λοι,</span> <span class='ocrx_word' id='word_1_87' title='bbox 417 1262 540 1309; x_wconf 80' lang='lat' dir='ltr'><strong>inquit</strong></span> <span class='ocrx_word' id='word_1_88' title='bbox 551 1288 561 1304; x_wconf 93' lang='lat'>‚</span> <span class='ocrx_word' id='word_1_89' title='bbox 581 1267 646 1297; x_wconf 84' lang='grc' dir='ltr'><strong>τῶν</strong></span> <span class='ocrx_word' id='word_1_90' title='bbox 662 1261 835 1298; x_wconf 62' lang='lat' dir='ltr'><strong>&amp;cm-:iim</strong></span> <span class='ocrx_word' id='word_1_91' title='bbox 854 1266 980 1299; x_wconf 83' lang='grc' dir='ltr'>ἐπιλαν-</span> 
     </span>
     <span class='ocr_line' id='line_1_20' title="bbox 329 1314 978 1364; baseline 0.005 -15"><span class='ocrx_word' id='word_1_92' title='bbox 329 1316 480 1350; x_wconf 77' lang='grc' dir='ltr'>θάνονται</span> <span class='ocrx_word' id='word_1_93' title='bbox 495 1314 718 1357; x_wconf 61' lang='grc' dir='ltr'>καθεὺὃοντεςζ</span> <span class='ocrx_word' id='word_1_94' title='bbox 738 1326 774 1351; x_wconf 90' lang='lat' dir='ltr'><strong>et</strong></span> <span class='ocrx_word' id='word_1_95' title='bbox 791 1326 874 1364; x_wconf 90' lang='lat' dir='ltr'><strong>post</strong></span> <span class='ocrx_word' id='word_1_96' title='bbox 888 1330 978 1364; x_wconf 84' lang='lat' dir='ltr'><strong>pau-</strong></span> 
     </span>
     <span class='ocr_line' id='line_1_21' title="bbox 329 1367 980 1408; baseline 0.008 -7"><span class='ocrx_word' id='word_1_97' title='bbox 329 1380 369 1402; x_wconf 90' lang='lat' dir='ltr'><strong>ca</strong></span> <span class='ocrx_word' id='word_1_98' title='bbox 384 1381 393 1401; x_wconf 77' lang='grc' dir='ltr'><strong>ε</strong></span> <span class='ocrx_word' id='word_1_99' title='bbox 412 1372 506 1402; x_wconf 82' lang='grc' dir='ltr'>τοῦτο</span> <span class='ocrx_word' id='word_1_100' title='bbox 522 1372 555 1403; x_wconf 86' lang='grc' dir='ltr'><strong>οὐ</strong></span> <span class='ocrx_word' id='word_1_101' title='bbox 572 1367 710 1404; x_wconf 62' lang='grc' dir='ltr'>δίδωσιν</span> <span class='ocrx_word' id='word_1_102' title='bbox 727 1372 826 1405; x_wconf 83' lang='grc' dir='ltr'>εἰπεῖν</span> <span class='ocrx_word' id='word_1_103' title='bbox 840 1372 860 1408; x_wconf 81' lang='grc' dir='ltr'><strong>’ἡ</strong></span> <span class='ocrx_word' id='word_1_104' title='bbox 878 1368 980 1406; x_wconf 69' lang='grc' dir='ltr'>δεισι-</span> 
     </span>
     <span class='ocr_line' id='line_1_22' title="bbox 328 1418 979 1470; baseline 0.006 -16"><span class='ocrx_word' id='word_1_105' title='bbox 328 1418 499 1468; x_wconf 68' lang='grc' dir='ltr'>δαιμονία·</span> <span class='ocrx_word' id='word_1_106' title='bbox 527 1424 619 1460; x_wconf 81' lang='grc' dir='ltr'>Μόνη</span> <span class='ocrx_word' id='word_1_107' title='bbox 646 1422 708 1470; x_wconf 82' lang='grc' dir='ltr'><strong>γὰρ</strong></span> <span class='ocrx_word' id='word_1_108' title='bbox 740 1426 774 1459; x_wconf 84' lang='grc' dir='ltr'><strong>οὐ</strong></span> <span class='ocrx_word' id='word_1_109' title='bbox 799 1421 979 1458; x_wconf 59' lang='grc' dir='ltr'>σπένδεται</span> 
     </span>
     <span class='ocr_line' id='line_1_23' title="bbox 328 1473 977 1522; baseline 0.005 -14"><span class='ocrx_word' id='word_1_110' title='bbox 328 1475 408 1521; x_wconf 77' lang='grc' dir='ltr'>πρὸς</span> <span class='ocrx_word' id='word_1_111' title='bbox 437 1475 560 1517; x_wconf 82' lang='grc' dir='ltr'>ὕπνον,</span> <span class='ocrx_word' id='word_1_112' title='bbox 589 1473 664 1510; x_wconf 60' lang='grc' dir='ltr'>οὐδὲ</span> <span class='ocrx_word' id='word_1_113' title='bbox 697 1480 739 1521; x_wconf 84' lang='grc' dir='ltr'><strong>τῇ</strong></span> <span class='ocrx_word' id='word_1_114' title='bbox 770 1477 876 1522; x_wconf 82' lang='grc' dir='ltr'>ψυχῇ,</span> <span class='ocrx_word' id='word_1_115' title='bbox 901 1478 977 1512; x_wconf 80' lang='grc' dir='ltr'>τότε</span> 
     </span>
     <span class='ocr_line' id='line_1_24' title="bbox 327 1525 978 1573; baseline 0.005 -12"><span class='ocrx_word' id='word_1_116' title='bbox 327 1531 403 1573; x_wconf 80' lang='grc' dir='ltr'>γοῦν</span> <span class='ocrx_word' id='word_1_117' title='bbox 414 1548 424 1566; x_wconf 82' lang='lat'>‚</span> <span class='ocrx_word' id='word_1_118' title='bbox 437 1525 575 1562; x_wconf 68' lang='grc' dir='ltr'>δίδωσιν</span> <span class='ocrx_word' id='word_1_119' title='bbox 592 1530 812 1569; x_wconf 58' lang='lat' dir='ltr'><strong>&amp;vavi-veiint,</strong></span> <span class='ocrx_word' id='word_1_120' title='bbox 829 1530 884 1564; x_wconf 80' lang='grc' dir='ltr'><strong>καὶ</strong></span> <span class='ocrx_word' id='word_1_121' title='bbox 898 1530 978 1564; x_wconf 87' lang='grc' dir='ltr'>ἀνα·</span> 
     </span>
     <span class='ocr_line' id='line_1_25' title="bbox 330 1581 979 1628; baseline 0.005 -14"><span class='ocrx_word' id='word_1_122' title='bbox 330 1581 497 1628; x_wconf 70' lang='grc' dir='ltr'><strong>θσιῤῥῆσαι.</strong></span> <span class='ocrx_word' id='word_1_123' title='bbox 520 1581 633 1615; x_wconf 88' lang='lat' dir='ltr'><strong>Paulo</strong></span> <span class='ocrx_word' id='word_1_124' title='bbox 661 1582 764 1616; x_wconf 79' lang='lat' dir='ltr'><strong>aliter</strong></span> <span class='ocrx_word' id='word_1_125' title='bbox 794 1591 914 1616; x_wconf 83' lang='lat' dir='ltr'><strong>autem</strong></span> <span class='ocrx_word' id='word_1_126' title='bbox 940 1595 979 1617; x_wconf 89' lang='lat' dir='ltr'><strong>ac</strong></span> 
     </span>
     <span class='ocr_line' id='line_1_26' title="bbox 330 1634 978 1680; baseline 0.003 -14"><span class='ocrx_word' id='word_1_127' title='bbox 330 1645 396 1667; x_wconf 85' lang='lat' dir='ltr'><strong>nos</strong></span> <span class='ocrx_word' id='word_1_128' title='bbox 431 1634 725 1680; x_wconf 84' lang='lat' dir='ltr'><strong>superstitionem</strong></span> <span class='ocrx_word' id='word_1_129' title='bbox 759 1634 978 1669; x_wconf 87' lang='lat' dir='ltr'><strong>definiebant</strong></span> 
     </span>
     <span class='ocr_line' id='line_1_27' title="bbox 330 1687 975 1731; baseline 0.002 -10"><span class='ocrx_word' id='word_1_130' title='bbox 330 1695 467 1722; x_wconf 86' lang='lat' dir='ltr'><strong>veteres</strong></span> <span class='ocrx_word' id='word_1_131' title='bbox 488 1696 568 1721; x_wconf 90' lang='lat' dir='ltr'><strong>tum</strong></span> <span class='ocrx_word' id='word_1_132' title='bbox 590 1687 726 1731; x_wconf 73' lang='lat' dir='ltr'><strong>Graeci,</strong></span> <span class='ocrx_word' id='word_1_133' title='bbox 743 1696 823 1722; x_wconf 87' lang='lat' dir='ltr'><strong>tum</strong></span> <span class='ocrx_word' id='word_1_134' title='bbox 845 1688 975 1722; x_wconf 88' lang='lat' dir='ltr'><strong>Latini.</strong></span> 
     </span>
     <span class='ocr_line' id='line_1_28' title="bbox 329 1740 980 1788; baseline 0.002 -14"><span class='ocrx_word' id='word_1_135' title='bbox 329 1740 440 1788; x_wconf 90' lang='lat' dir='ltr'><strong>Apud</strong></span> <span class='ocrx_word' id='word_1_136' title='bbox 478 1754 544 1775; x_wconf 92' lang='lat' dir='ltr'><strong>nos</strong></span> <span class='ocrx_word' id='word_1_137' title='bbox 559 1767 569 1784; x_wconf 88' lang='lat'>‚</span> <span class='ocrx_word' id='word_1_138' title='bbox 597 1741 808 1788; x_wconf 87' lang='lat' dir='ltr'><strong>superstitio</strong></span> <span class='ocrx_word' id='word_1_139' title='bbox 844 1741 980 1776; x_wconf 86' lang='lat' dir='ltr'><strong>dicitur</strong></span> 
     </span>
    </p>
   </div>
   <div class='ocr_carea' id='block_1_6' title="bbox 328 1794 1007 1842">
    <p class='ocr_par' dir='ltr' id='par_1_7' title="bbox 328 1794 1007 1842">
     <span class='ocr_line' id='line_1_29' title="bbox 328 1794 1007 1842; baseline 0.003 -15"><span class='ocrx_word' id='word_1_140' title='bbox 328 1794 478 1839; x_wconf 90' lang='lat' dir='ltr'><strong>puerilis</strong></span> <span class='ocrx_word' id='word_1_141' title='bbox 489 1804 525 1829; x_wconf 93' lang='lat' dir='ltr'><strong>et</strong></span> <span class='ocrx_word' id='word_1_142' title='bbox 538 1795 728 1841; x_wconf 87' lang='lat' dir='ltr'><strong>nugatoria</strong></span> <span class='ocrx_word' id='word_1_143' title='bbox 742 1794 980 1842; x_wconf 88' lang='lat' dir='ltr'><strong>quarumdam</strong></span> <span class='ocrx_word' id='word_1_144' title='bbox 1004 1794 1007 1798; x_wconf 78' lang='grc'><strong>’</strong></span> 
     </span>
    </p>
   </div>
   <div class='ocr_carea' id='block_1_7' title="bbox 328 1848 981 2691">
    <p class='ocr_par' dir='ltr' id='par_1_8' title="bbox 328 1848 981 2691">
     <span class='ocr_line' id='line_1_30' title="bbox 328 1848 980 1894; baseline 0.003 -13"><span class='ocrx_word' id='word_1_145' title='bbox 328 1848 472 1894; x_wconf 85' lang='lat' dir='ltr'><strong>piarum</strong></span> <span class='ocrx_word' id='word_1_146' title='bbox 494 1849 793 1883; x_wconf 83' lang='lat' dir='ltr'><strong>exercitationum</strong></span> <span class='ocrx_word' id='word_1_147' title='bbox 817 1849 980 1883; x_wconf 81' lang='lat' dir='ltr'><strong>observa-</strong></span> 
     </span>
     <span class='ocr_line' id='line_1_31' title="bbox 329 1900 981 1947; baseline 0.005 -13"><span class='ocrx_word' id='word_1_148' title='bbox 329 1900 396 1943; x_wconf 85' lang='lat' dir='ltr'><strong>tio,</strong></span> <span class='ocrx_word' id='word_1_149' title='bbox 404 1913 495 1947; x_wconf 85' lang='lat' dir='ltr'><strong>quae,</strong></span> <span class='ocrx_word' id='word_1_150' title='bbox 503 1901 567 1945; x_wconf 89' lang='lat' dir='ltr'><strong>etsi</strong></span> <span class='ocrx_word' id='word_1_151' title='bbox 580 1901 617 1934; x_wconf 88' lang='lat' dir='ltr'><strong>in</strong></span> <span class='ocrx_word' id='word_1_152' title='bbox 626 1902 701 1935; x_wconf 85' lang='lat' dir='ltr'><strong>veri</strong></span> <span class='ocrx_word' id='word_1_153' title='bbox 710 1903 869 1936; x_wconf 89' lang='lat' dir='ltr'><strong>numinis</strong></span> <span class='ocrx_word' id='word_1_154' title='bbox 879 1903 981 1937; x_wconf 89' lang='lat' dir='ltr'><strong>cultu</strong></span> 
     </span>
     <span class='ocr_line' id='line_1_32' title="bbox 331 1954 980 2000; baseline 0.003 -13"><span class='ocrx_word' id='word_1_155' title='bbox 331 1954 508 2000; x_wconf 81' lang='lat' dir='ltr'><strong>originem</strong></span> <span class='ocrx_word' id='word_1_156' title='bbox 519 1954 653 1987; x_wconf 89' lang='lat' dir='ltr'><strong>habent</strong></span> <span class='ocrx_word' id='word_1_157' title='bbox 666 1980 676 1996; x_wconf 93' lang='lat'>‚</span> <span class='ocrx_word' id='word_1_158' title='bbox 690 1956 734 1988; x_wconf 93' lang='lat' dir='ltr'><strong>ab</strong></span> <span class='ocrx_word' id='word_1_159' title='bbox 749 1967 792 1989; x_wconf 92' lang='lat' dir='ltr'><strong>eo</strong></span> <span class='ocrx_word' id='word_1_160' title='bbox 806 1963 924 1990; x_wconf 85' lang='lat' dir='ltr'><strong>tamen</strong></span> <span class='ocrx_word' id='word_1_161' title='bbox 938 1964 980 1989; x_wconf 92' lang='lat' dir='ltr'><strong>ut</strong></span> 
     </span>
     <span class='ocr_line' id='line_1_33' title="bbox 330 2006 976 2053; baseline 0.003 -13"><span class='ocrx_word' id='word_1_162' title='bbox 330 2014 366 2040; x_wconf 86' lang='lat' dir='ltr'><strong>et</strong></span> <span class='ocrx_word' id='word_1_163' title='bbox 393 2018 414 2040; x_wconf 89' lang='lat' dir='ltr'><strong>a</strong></span> <span class='ocrx_word' id='word_1_164' title='bbox 437 2006 573 2040; x_wconf 89' lang='lat' dir='ltr'><strong>sincera</strong></span> <span class='ocrx_word' id='word_1_165' title='bbox 598 2007 731 2053; x_wconf 90' lang='lat' dir='ltr'><strong>pietate</strong></span> <span class='ocrx_word' id='word_1_166' title='bbox 759 2008 976 2042; x_wconf 88' lang='lat' dir='ltr'><strong>abhorrent:</strong></span> 
     </span>
     <span class='ocr_line' id='line_1_34' title="bbox 329 2060 980 2106; baseline 0.003 -13"><span class='ocrx_word' id='word_1_167' title='bbox 329 2060 424 2094; x_wconf 88' lang='lat' dir='ltr'><strong>hanc</strong></span> <span class='ocrx_word' id='word_1_168' title='bbox 444 2072 531 2094; x_wconf 87' lang='lat' dir='ltr'><strong>vero</strong></span> <span class='ocrx_word' id='word_1_169' title='bbox 553 2061 731 2106; x_wconf 71' lang='lat' dir='ltr'><strong>putarunt</strong></span> <span class='ocrx_word' id='word_1_170' title='bbox 748 2070 885 2095; x_wconf 84' lang='lat' dir='ltr'><strong>veteres</strong></span> <span class='ocrx_word' id='word_1_171' title='bbox 907 2073 980 2095; x_wconf 87' lang='lat' dir='ltr'><strong>esse</strong></span> 
     </span>
     <span class='ocr_line' id='line_1_35' title="bbox 328 2113 979 2159; baseline 0.003 -13"><span class='ocrx_word' id='word_1_172' title='bbox 328 2116 488 2147; x_wconf 87' lang='lat' dir='ltr'><strong>Deorum</strong></span> <span class='ocrx_word' id='word_1_173' title='bbox 500 2113 774 2159; x_wconf 87' lang='lat' dir='ltr'><strong>peregrinorum</strong></span> <span class='ocrx_word' id='word_1_174' title='bbox 782 2139 792 2155; x_wconf 89' lang='lat'>‚</span> <span class='ocrx_word' id='word_1_175' title='bbox 802 2114 859 2148; x_wconf 82' lang='lat' dir='ltr'><strong>vel</strong></span> <span class='ocrx_word' id='word_1_176' title='bbox 872 2115 979 2148; x_wconf 89' lang='lat' dir='ltr'><strong>etiam</strong></span> 
     </span>
     <span class='ocr_line' id='line_1_36' title="bbox 330 2166 978 2214; baseline 0.002 -13"><span class='ocrx_word' id='word_1_177' title='bbox 330 2178 482 2201; x_wconf 87' lang='lat' dir='ltr'><strong>suorum</strong></span> <span class='ocrx_word' id='word_1_178' title='bbox 501 2166 642 2201; x_wconf 87' lang='lat' dir='ltr'><strong>cultum</strong></span> <span class='ocrx_word' id='word_1_179' title='bbox 654 2192 665 2209; x_wconf 89' lang='lat'><strong>‚</strong></span> <span class='ocrx_word' id='word_1_180' title='bbox 679 2168 877 2214; x_wconf 85' lang='lat' dir='ltr'><strong>peregrinis</strong></span> <span class='ocrx_word' id='word_1_181' title='bbox 887 2193 898 2209; x_wconf 81' lang='lat'>,</span> <span class='ocrx_word' id='word_1_182' title='bbox 911 2180 978 2202; x_wconf 90' lang='lat' dir='ltr'><strong>nec</strong></span> 
     </span>
     <span class='ocr_line' id='line_1_37' title="bbox 333 2221 978 2268; baseline 0.002 -14"><span class='ocrx_word' id='word_1_183' title='bbox 333 2221 513 2255; x_wconf 83' lang='lat' dir='ltr'><strong>consuetis</strong></span> <span class='ocrx_word' id='word_1_184' title='bbox 546 2221 675 2255; x_wconf 91' lang='lat' dir='ltr'><strong>ritibus</strong></span> <span class='ocrx_word' id='word_1_185' title='bbox 700 2234 709 2255; x_wconf 90' lang='lat'>:</span> <span class='ocrx_word' id='word_1_186' title='bbox 738 2233 849 2268; x_wconf 87' lang='lat' dir='ltr'><strong>quare</strong></span> <span class='ocrx_word' id='word_1_187' title='bbox 882 2221 978 2255; x_wconf 88' lang='lat' dir='ltr'><strong>inter</strong></span> 
     </span>
     <span class='ocr_line' id='line_1_38' title="bbox 331 2273 978 2321; baseline 0.002 -14"><span class='ocrx_word' id='word_1_188' title='bbox 331 2282 508 2321; x_wconf 85' lang='lat' dir='ltr'><strong>praecepta</strong></span> <span class='ocrx_word' id='word_1_189' title='bbox 531 2286 656 2309; x_wconf 90' lang='lat' dir='ltr'><strong>eorum</strong></span> <span class='ocrx_word' id='word_1_190' title='bbox 676 2274 808 2321; x_wconf 86' lang='lat' dir='ltr'><strong>quibus</strong></span> <span class='ocrx_word' id='word_1_191' title='bbox 831 2273 877 2309; x_wconf 89' lang='lat' dir='ltr'><strong>de</strong></span> <span class='ocrx_word' id='word_1_192' title='bbox 895 2275 978 2308; x_wconf 90' lang='lat' dir='ltr'><strong>reli-</strong></span> 
     </span>
     <span class='ocr_line' id='line_1_39' title="bbox 330 2326 979 2374; baseline 0.002 -14"><span class='ocrx_word' id='word_1_193' title='bbox 330 2327 437 2373; x_wconf 89' lang='lat' dir='ltr'><strong>gione</strong></span> <span class='ocrx_word' id='word_1_194' title='bbox 467 2326 607 2374; x_wconf 82' lang='lat' dir='ltr'><strong>aliquid</strong></span> <span class='ocrx_word' id='word_1_195' title='bbox 637 2327 859 2361; x_wconf 84' lang='lat' dir='ltr'><strong>sanciebatur</strong></span> <span class='ocrx_word' id='word_1_196' title='bbox 872 2328 979 2374; x_wconf 52' lang='lat' dir='ltr'><strong>‚2pri-</strong></span> 
     </span>
     <span class='ocr_line' id='line_1_40' title="bbox 332 2379 976 2428; baseline 0.003 -14"><span class='ocrx_word' id='word_1_197' title='bbox 332 2393 436 2415; x_wconf 89' lang='lat' dir='ltr'><strong>mum</strong></span> <span class='ocrx_word' id='word_1_198' title='bbox 461 2393 603 2428; x_wconf 88' lang='lat' dir='ltr'><strong>semper</strong></span> <span class='ocrx_word' id='word_1_199' title='bbox 630 2379 725 2415; x_wconf 85' lang='lat' dir='ltr'><strong>illud</strong></span> <span class='ocrx_word' id='word_1_200' title='bbox 753 2389 850 2424; x_wconf 77' lang='lat' dir='ltr'><strong>erat,</strong></span> <span class='ocrx_word' id='word_1_201' title='bbox 878 2382 976 2422; x_wconf 81' lang='grc' dir='ltr'>Θεοὺς</span> 
     </span>
     <span class='ocr_line' id='line_1_41' title="bbox 331 2433 981 2481; baseline 0.002 -13"><span class='ocrx_word' id='word_1_202' title='bbox 331 2435 486 2480; x_wconf 82' lang='grc' dir='ltr'>πατρίους</span> <span class='ocrx_word' id='word_1_203' title='bbox 502 2434 557 2469; x_wconf 80' lang='grc' dir='ltr'><strong>καὶ</strong></span> <span class='ocrx_word' id='word_1_204' title='bbox 571 2435 794 2481; x_wconf 79' lang='grc' dir='ltr'>νομιζομένους</span> <span class='ocrx_word' id='word_1_205' title='bbox 810 2433 981 2469; x_wconf 51' lang='lat' dir='ltr'><strong>caenum-</strong></span> 
     </span>
     <span class='ocr_line' id='line_1_42' title="bbox 332 2486 980 2535; baseline 0.003 -15"><span class='ocrx_word' id='word_1_206' title='bbox 332 2486 376 2520; x_wconf 87' lang='grc' dir='ltr'><strong>τὰ</strong></span> <span class='ocrx_word' id='word_1_207' title='bbox 397 2488 443 2523; x_wconf 90' lang='grc' dir='ltr'><strong>τὰ</strong></span> <span class='ocrx_word' id='word_1_208' title='bbox 459 2488 598 2534; x_wconf 78' lang='grc' dir='ltr'>πάτριοι.</span> <span class='ocrx_word' id='word_1_209' title='bbox 624 2487 767 2524; x_wconf 88' lang='lat' dir='ltr'><strong>Persius</strong></span> <span class='ocrx_word' id='word_1_210' title='bbox 791 2488 852 2522; x_wconf 80' lang='lat' dir='ltr'><strong>hic</strong></span> <span class='ocrx_word' id='word_1_211' title='bbox 874 2499 980 2535; x_wconf 80' lang='lat' dir='ltr'><strong>agens</strong></span> 
     </span>
     <span class='ocr_line' id='line_1_43' title="bbox 334 2537 981 2587; baseline 0.005 -17"><span class='ocrx_word' id='word_1_212' title='bbox 334 2537 379 2571; x_wconf 92' lang='lat' dir='ltr'><strong>de</strong></span> <span class='ocrx_word' id='word_1_213' title='bbox 403 2540 658 2586; x_wconf 80' lang='lat' dir='ltr'><strong>superstitione</strong></span> <span class='ocrx_word' id='word_1_214' title='bbox 689 2540 850 2587; x_wconf 79' lang='lat' dir='ltr'><strong>exempla</strong></span> <span class='ocrx_word' id='word_1_215' title='bbox 874 2540 981 2586; x_wconf 87' lang='lat' dir='ltr'><strong>ponit</strong></span> 
     </span>
     <span class='ocr_line' id='line_1_44' title="bbox 332 2592 981 2639; baseline 0.008 -16"><span class='ocrx_word' id='word_1_216' title='bbox 332 2602 459 2626; x_wconf 86' lang='lat' dir='ltr'><strong>eorum</strong></span> <span class='ocrx_word' id='word_1_217' title='bbox 480 2592 542 2639; x_wconf 83' lang='lat' dir='ltr'><strong>qui</strong></span> <span class='ocrx_word' id='word_1_218' title='bbox 562 2593 583 2626; x_wconf 86' lang='lat' dir='ltr'>J</span> <span class='ocrx_word' id='word_1_219' title='bbox 588 2592 722 2627; x_wconf 85' lang='lat' dir='ltr'><strong>udaieis</strong></span> <span class='ocrx_word' id='word_1_220' title='bbox 739 2602 803 2628; x_wconf 85' lang='lat' dir='ltr'><strong>aut</strong></span> <span class='ocrx_word' id='word_1_221' title='bbox 821 2592 981 2628; x_wconf 83' lang='lat' dir='ltr'><strong>Asiaticis</strong></span> 
     </span>
     <span class='ocr_line' id='line_1_45' title="bbox 334 2642 979 2691; baseline 0.008 -17"><span class='ocrx_word' id='word_1_222' title='bbox 334 2648 369 2675; x_wconf 84' lang='lat' dir='ltr'><strong>et</strong></span> <span class='ocrx_word' id='word_1_223' title='bbox 384 2642 604 2691; x_wconf 78' lang='lat' dir='ltr'><strong>Aegyptiacis</strong></span> <span class='ocrx_word' id='word_1_224' title='bbox 622 2643 754 2691; x_wconf 80' lang='lat' dir='ltr'><strong>ritibus</strong></span> <span class='ocrx_word' id='word_1_225' title='bbox 771 2652 979 2681; x_wconf 86' lang='lat' dir='ltr'><strong>uterentur:</strong></span> 
     </span>
    </p>
   </div>
   <div class='ocr_carea' id='block_1_8' title="bbox 1028 576 1694 2693">
    <p class='ocr_par' dir='ltr' id='par_1_9' title="bbox 1028 576 1694 2693">
     <span class='ocr_line' id='line_1_46' title="bbox 1032 576 1678 624; baseline 0.008 -15"><span class='ocrx_word' id='word_1_226' title='bbox 1032 588 1112 622; x_wconf 80' lang='lat' dir='ltr'><strong>quae</strong></span> <span class='ocrx_word' id='word_1_227' title='bbox 1135 576 1347 624; x_wconf 78' lang='lat' dir='ltr'><strong>religiones,</strong></span> <span class='ocrx_word' id='word_1_228' title='bbox 1368 578 1435 612; x_wconf 85' lang='lat' dir='ltr'><strong>etsi</strong></span> <span class='ocrx_word' id='word_1_229' title='bbox 1457 576 1601 613; x_wconf 87' lang='lat' dir='ltr'><strong>decreto</strong></span> <span class='ocrx_word' id='word_1_230' title='bbox 1625 593 1678 614; x_wconf 86' lang='lat' dir='ltr'><strong>se·</strong></span> 
     </span>
     <span class='ocr_line' id='line_1_47' title="bbox 1031 628 1677 672; baseline 0.009 -11"><span class='ocrx_word' id='word_1_231' title='bbox 1031 629 1135 662; x_wconf 66' lang='lat' dir='ltr'><strong>natus</strong></span> <span class='ocrx_word' id='word_1_232' title='bbox 1163 628 1321 664; x_wconf 78' lang='lat' dir='ltr'><strong>admissae</strong></span> <span class='ocrx_word' id='word_1_233' title='bbox 1335 655 1345 672; x_wconf 91' lang='lat'>‚</span> <span class='ocrx_word' id='word_1_234' title='bbox 1366 631 1532 665; x_wconf 86' lang='lat' dir='ltr'><strong>nondum</strong></span> <span class='ocrx_word' id='word_1_235' title='bbox 1557 640 1677 667; x_wconf 83' lang='lat' dir='ltr'><strong>tamen</strong></span> 
     </span>
     <span class='ocr_line' id='line_1_48' title="bbox 1030 681 1677 731; baseline 0.011 -17"><span class='ocrx_word' id='word_1_236' title='bbox 1030 681 1117 715; x_wconf 84' lang='lat' dir='ltr'><strong>viris</strong></span> <span class='ocrx_word' id='word_1_237' title='bbox 1135 682 1279 728; x_wconf 84' lang='lat' dir='ltr'><strong>probis,</strong></span> <span class='ocrx_word' id='word_1_238' title='bbox 1305 693 1456 731; x_wconf 73' lang='lat' dir='ltr'><strong>propter</strong></span> <span class='ocrx_word' id='word_1_239' title='bbox 1480 686 1677 720; x_wconf 85' lang='lat' dir='ltr'><strong>novitatem</strong></span> 
     </span>
     <span class='ocr_line' id='line_1_49' title="bbox 1028 736 1676 782; baseline 0.008 -13"><span class='ocrx_word' id='word_1_240' title='bbox 1028 736 1290 782; x_wconf 85' lang='lat' dir='ltr'><strong>probabantur.</strong></span> <span class='ocrx_word' id='word_1_241' title='bbox 1299 741 1487 771; x_wconf 69' lang='lat' dir='ltr'><strong>—Herodis</strong></span> <span class='ocrx_word' id='word_1_242' title='bbox 1503 742 1578 772; x_wconf 83' lang='lat' dir='ltr'><strong>dies.</strong></span> <span class='ocrx_word' id='word_1_243' title='bbox 1592 742 1676 774; x_wconf 88' lang='lat' dir='ltr'><strong>Vet.</strong></span> 
     </span>
     <span class='ocr_line' id='line_1_50' title="bbox 1029 788 1677 838; baseline 0.008 -16"><span class='ocrx_word' id='word_1_244' title='bbox 1029 788 1141 822; x_wconf 81' lang='lat' dir='ltr'><strong>schol.</strong></span> <span class='ocrx_word' id='word_1_245' title='bbox 1172 806 1187 819; x_wconf 76' lang='grc' dir='ltr'><strong>α</strong></span> <span class='ocrx_word' id='word_1_246' title='bbox 1210 789 1371 824; x_wconf 85' lang='lat' dir='ltr'><strong>Herodes</strong></span> <span class='ocrx_word' id='word_1_247' title='bbox 1406 790 1503 838; x_wconf 86' lang='lat' dir='ltr'><strong>apud</strong></span> <span class='ocrx_word' id='word_1_248' title='bbox 1532 793 1554 825; x_wconf 85' lang='lat' dir='ltr'><strong>J</strong></span> <span class='ocrx_word' id='word_1_249' title='bbox 1557 792 1677 827; x_wconf 84' lang='lat' dir='ltr'><strong>udaeos</strong></span> 
     </span>
     <span class='ocr_line' id='line_1_51' title="bbox 1033 843 1677 892; baseline 0.009 -17"><span class='ocrx_word' id='word_1_250' title='bbox 1033 858 1047 872; x_wconf 82' lang='grc' dir='ltr'>ι</span> <span class='ocrx_word' id='word_1_251' title='bbox 1062 843 1223 889; x_wconf 84' lang='lat' dir='ltr'><strong>regnavit</strong></span> <span class='ocrx_word' id='word_1_252' title='bbox 1239 845 1462 891; x_wconf 84' lang='lat' dir='ltr'><strong>temporibus</strong></span> <span class='ocrx_word' id='word_1_253' title='bbox 1472 846 1624 892; x_wconf 82' lang='lat' dir='ltr'><strong>Augusti</strong></span> <span class='ocrx_word' id='word_1_254' title='bbox 1638 847 1677 880; x_wconf 86' lang='lat' dir='ltr'><strong>in</strong></span> 
     </span>
     <span class='ocr_line' id='line_1_52' title="bbox 1033 894 1676 946; baseline 0.012 -21"><span class='ocrx_word' id='word_1_255' title='bbox 1033 910 1048 924; x_wconf 64' lang='grc' dir='ltr'>ι</span> <span class='ocrx_word' id='word_1_256' title='bbox 1063 894 1226 940; x_wconf 87' lang='lat' dir='ltr'><strong>partibus</strong></span> <span class='ocrx_word' id='word_1_257' title='bbox 1243 895 1365 942; x_wconf 83' lang='lat' dir='ltr'><strong>Syriae.</strong></span> <span class='ocrx_word' id='word_1_258' title='bbox 1383 897 1578 932; x_wconf 77' lang='lat' dir='ltr'><strong>Herodiani</strong></span> <span class='ocrx_word' id='word_1_259' title='bbox 1593 912 1676 946; x_wconf 86' lang='lat' dir='ltr'><strong>ergo</strong></span> 
     </span>
     <span class='ocr_line' id='line_1_53' title="bbox 1034 944 1679 986; baseline 0.011 -7"><span class='ocrx_word' id='word_1_260' title='bbox 1034 963 1047 976; x_wconf 78' lang='grc' dir='ltr'>ι</span> <span class='ocrx_word' id='word_1_261' title='bbox 1063 945 1159 981; x_wconf 90' lang='lat' dir='ltr'><strong>diem</strong></span> <span class='ocrx_word' id='word_1_262' title='bbox 1189 944 1343 983; x_wconf 61' lang='lat' dir='ltr'><strong>natalem</strong></span> <span class='ocrx_word' id='word_1_263' title='bbox 1373 949 1526 985; x_wconf 81' lang='lat' dir='ltr'><strong>Herodis</strong></span> <span class='ocrx_word' id='word_1_264' title='bbox 1558 952 1679 986; x_wconf 88' lang='lat' dir='ltr'><strong>obser-</strong></span> 
     </span>
     <span class='ocr_line' id='line_1_54' title="bbox 1033 1002 1677 1052; baseline 0.009 -19"><span class='ocrx_word' id='word_1_265' title='bbox 1033 1018 1048 1031; x_wconf 72' lang='grc' dir='ltr'>ι</span> <span class='ocrx_word' id='word_1_266' title='bbox 1065 1008 1159 1043; x_wconf 81' lang='lat' dir='ltr'><strong>vant,</strong></span> <span class='ocrx_word' id='word_1_267' title='bbox 1174 1009 1216 1035; x_wconf 86' lang='lat' dir='ltr'><strong>ut</strong></span> <span class='ocrx_word' id='word_1_268' title='bbox 1225 1002 1332 1036; x_wconf 82' lang='lat' dir='ltr'><strong>etiam</strong></span> <span class='ocrx_word' id='word_1_269' title='bbox 1345 1003 1503 1038; x_wconf 77' lang='lat' dir='ltr'><strong>sabbata:</strong></span> <span class='ocrx_word' id='word_1_270' title='bbox 1520 1017 1596 1052; x_wconf 85' lang='lat' dir='ltr'><strong>quo</strong></span> <span class='ocrx_word' id='word_1_271' title='bbox 1606 1005 1677 1047; x_wconf 86' lang='lat' dir='ltr'><strong>die,</strong></span> 
     </span>
     <span class='ocr_line' id='line_1_55' title="bbox 1034 1053 1678 1097; baseline 0.011 -11"><span class='ocrx_word' id='word_1_272' title='bbox 1034 1070 1047 1084; x_wconf 78' lang='grc' dir='ltr'>ι</span> <span class='ocrx_word' id='word_1_273' title='bbox 1064 1053 1227 1088; x_wconf 86' lang='lat' dir='ltr'><strong>lucernas</strong></span> <span class='ocrx_word' id='word_1_274' title='bbox 1245 1067 1408 1090; x_wconf 84' lang='lat' dir='ltr'><strong>accensas</strong></span> <span class='ocrx_word' id='word_1_275' title='bbox 1419 1081 1430 1097; x_wconf 85' lang='lat'>‚</span> <span class='ocrx_word' id='word_1_276' title='bbox 1444 1065 1480 1091; x_wconf 87' lang='lat' dir='ltr'><strong>et</strong></span> <span class='ocrx_word' id='word_1_277' title='bbox 1497 1057 1600 1092; x_wconf 80' lang='lat' dir='ltr'><strong>violis</strong></span> <span class='ocrx_word' id='word_1_278' title='bbox 1617 1071 1678 1093; x_wconf 91' lang='lat' dir='ltr'><strong>co-</strong></span> 
     </span>
     <span class='ocr_line' id='line_1_56' title="bbox 1034 1108 1675 1158; baseline 0.003 -18"><span class='ocrx_word' id='word_1_279' title='bbox 1034 1124 1048 1137; x_wconf 79' lang='lat'><strong>·</strong></span> <span class='ocrx_word' id='word_1_280' title='bbox 1064 1116 1205 1142; x_wconf 69' lang='lat' dir='ltr'><strong>renatas</strong></span> <span class='ocrx_word' id='word_1_281' title='bbox 1227 1108 1265 1142; x_wconf 92' lang='lat' dir='ltr'><strong>in</strong></span> <span class='ocrx_word' id='word_1_282' title='bbox 1294 1109 1461 1144; x_wconf 72' lang='lat' dir='ltr'><strong>fenestris</strong></span> <span class='ocrx_word' id='word_1_283' title='bbox 1485 1119 1642 1158; x_wconf 87' lang='lat' dir='ltr'><strong>ponunt.</strong></span> <span class='ocrx_word' id='word_1_284' title='bbox 1661 1128 1675 1142; x_wconf 72' lang='grc' dir='ltr'>ι</span> 
     </span>
     <span class='ocr_line' id='line_1_57' title="bbox 1030 1157 1680 1207; baseline 0.008 -16"><span class='ocrx_word' id='word_1_285' title='bbox 1030 1157 1226 1192; x_wconf 89' lang='lat' dir='ltr'><strong>Herodiani</strong></span> <span class='ocrx_word' id='word_1_286' title='bbox 1243 1168 1385 1202; x_wconf 88' lang='lat' dir='ltr'><strong>autem,</strong></span> <span class='ocrx_word' id='word_1_287' title='bbox 1404 1159 1450 1195; x_wconf 90' lang='lat' dir='ltr'><strong>de</strong></span> <span class='ocrx_word' id='word_1_288' title='bbox 1469 1162 1603 1207; x_wconf 84' lang='lat' dir='ltr'><strong>quibus</strong></span> <span class='ocrx_word' id='word_1_289' title='bbox 1626 1162 1680 1196; x_wconf 89' lang='lat' dir='ltr'><strong>lo-</strong></span> 
     </span>
     <span class='ocr_line' id='line_1_58' title="bbox 1033 1211 1680 1262; baseline 0.006 -17"><span class='ocrx_word' id='word_1_290' title='bbox 1033 1211 1159 1258; x_wconf 82' lang='lat' dir='ltr'><strong>quitur</strong></span> <span class='ocrx_word' id='word_1_291' title='bbox 1185 1213 1268 1246; x_wconf 92' lang='lat' dir='ltr'><strong>Vet.</strong></span> <span class='ocrx_word' id='word_1_292' title='bbox 1306 1213 1416 1250; x_wconf 74' lang='lat' dir='ltr'><strong>sehol.</strong></span> <span class='ocrx_word' id='word_1_293' title='bbox 1451 1226 1680 1262; x_wconf 78' lang='lat' dir='ltr'><strong>quorumque</strong></span> 
     </span>
     <span class='ocr_line' id='line_1_59' title="bbox 1031 1264 1680 1313; baseline 0.006 -15"><span class='ocrx_word' id='word_1_294' title='bbox 1031 1265 1168 1299; x_wconf 86' lang='lat' dir='ltr'><strong>mentio</strong></span> <span class='ocrx_word' id='word_1_295' title='bbox 1177 1264 1219 1300; x_wconf 88' lang='lat' dir='ltr'><strong>fit</strong></span> <span class='ocrx_word' id='word_1_296' title='bbox 1233 1278 1315 1300; x_wconf 92' lang='lat' dir='ltr'><strong>cum</strong></span> <span class='ocrx_word' id='word_1_297' title='bbox 1328 1267 1509 1313; x_wconf 77' lang='lat' dir='ltr'><strong>pharisaeis</strong></span> <span class='ocrx_word' id='word_1_298' title='bbox 1521 1268 1559 1301; x_wconf 88' lang='lat' dir='ltr'><strong>in</strong></span> <span class='ocrx_word' id='word_1_299' title='bbox 1568 1268 1680 1303; x_wconf 87' lang='lat' dir='ltr'><strong>Evan-</strong></span> 
     </span>
     <span class='ocr_line' id='line_1_60' title="bbox 1031 1318 1680 1367; baseline 0.006 -16"><span class='ocrx_word' id='word_1_300' title='bbox 1031 1318 1142 1364; x_wconf 86' lang='lat' dir='ltr'><strong>gelio,</strong></span> <span class='ocrx_word' id='word_1_301' title='bbox 1156 1318 1341 1354; x_wconf 88' lang='lat' dir='ltr'><strong>Herodem</strong></span> <span class='ocrx_word' id='word_1_302' title='bbox 1363 1332 1430 1367; x_wconf 89' lang='lat' dir='ltr'><strong>pro</strong></span> <span class='ocrx_word' id='word_1_303' title='bbox 1457 1321 1598 1355; x_wconf 88' lang='lat' dir='ltr'><strong>Christo</strong></span> <span class='ocrx_word' id='word_1_304' title='bbox 1620 1334 1680 1355; x_wconf 68' lang='lat' dir='ltr'><strong>co·</strong></span> 
     </span>
     <span class='ocr_line' id='line_1_61' title="bbox 1031 1372 1681 1421; baseline 0.006 -16"><span class='ocrx_word' id='word_1_305' title='bbox 1031 1372 1152 1406; x_wconf 86' lang='lat' dir='ltr'><strong>lebant</strong></span> <span class='ocrx_word' id='word_1_306' title='bbox 1171 1398 1181 1414; x_wconf 89' lang='lat'>‚</span> <span class='ocrx_word' id='word_1_307' title='bbox 1211 1372 1353 1420; x_wconf 87' lang='lat' dir='ltr'><strong>decepti</strong></span> <span class='ocrx_word' id='word_1_308' title='bbox 1383 1374 1681 1421; x_wconf 82' lang='lat' dir='ltr'><strong>interpretatione</strong></span> 
     </span>
     <span class='ocr_line' id='line_1_62' title="bbox 1031 1427 1680 1473; baseline 0.008 -15"><span class='ocrx_word' id='word_1_309' title='bbox 1031 1429 1137 1471; x_wconf 71' lang='lat' dir='ltr'><strong>prava</strong></span> <span class='ocrx_word' id='word_1_310' title='bbox 1147 1427 1344 1473; x_wconf 86' lang='lat' dir='ltr'><strong>prophetiae</strong></span> <span class='ocrx_word' id='word_1_311' title='bbox 1352 1428 1374 1461; x_wconf 89' lang='lat' dir='ltr'><strong>J</strong></span> <span class='ocrx_word' id='word_1_312' title='bbox 1375 1427 1680 1471; x_wconf 82' lang='lat' dir='ltr'><strong>acobi‚Geneseos‚</strong></span> 
     </span>
     <span class='ocr_line' id='line_1_63' title="bbox 1033 1480 1678 1529; baseline 0.006 -17"><span class='ocrx_word' id='word_1_313' title='bbox 1033 1491 1110 1525; x_wconf 88' lang='lat' dir='ltr'><strong>cap.</strong></span> <span class='ocrx_word' id='word_1_314' title='bbox 1122 1480 1241 1513; x_wconf 93' lang='lat' dir='ltr'>XLIX</span> <span class='ocrx_word' id='word_1_315' title='bbox 1251 1506 1259 1520; x_wconf 96' lang='lat'><strong><em>‚</em></strong></span> <span class='ocrx_word' id='word_1_316' title='bbox 1273 1481 1410 1516; x_wconf 88' lang='lat' dir='ltr'><strong>Versic.</strong></span> <span class='ocrx_word' id='word_1_317' title='bbox 1429 1493 1482 1515; x_wconf 90' lang='lat'><strong>10.</strong></span> <span class='ocrx_word' id='word_1_318' title='bbox 1497 1482 1562 1516; x_wconf 86' lang='lat' dir='ltr'><strong>Isti</strong></span> <span class='ocrx_word' id='word_1_319' title='bbox 1575 1494 1678 1529; x_wconf 84' lang='lat' dir='ltr'><strong>ergo,</strong></span> 
     </span>
     <span class='ocr_line' id='line_1_64' title="bbox 1033 1532 1680 1580; baseline 0.008 -16"><span class='ocrx_word' id='word_1_320' title='bbox 1033 1540 1069 1564; x_wconf 90' lang='lat' dir='ltr'><strong>et</strong></span> <span class='ocrx_word' id='word_1_321' title='bbox 1082 1532 1339 1580; x_wconf 83' lang='lat' dir='ltr'><strong>Hierosolymis</strong></span> <span class='ocrx_word' id='word_1_322' title='bbox 1349 1559 1359 1576; x_wconf 92' lang='lat'>‚</span> <span class='ocrx_word' id='word_1_323' title='bbox 1373 1542 1408 1567; x_wconf 89' lang='lat' dir='ltr'><strong>et</strong></span> <span class='ocrx_word' id='word_1_324' title='bbox 1427 1535 1511 1571; x_wconf 81' lang='lat' dir='ltr'><strong>alibi</strong></span> <span class='ocrx_word' id='word_1_325' title='bbox 1527 1534 1680 1569; x_wconf 87' lang='lat' dir='ltr'><strong>Herodis</strong></span> 
     </span>
     <span class='ocr_line' id='line_1_65' title="bbox 1032 1583 1681 1631; baseline 0.008 -14"><span class='ocrx_word' id='word_1_326' title='bbox 1032 1583 1163 1618; x_wconf 85' lang='lat' dir='ltr'><strong>festum</strong></span> <span class='ocrx_word' id='word_1_327' title='bbox 1188 1598 1314 1631; x_wconf 82' lang='lat' dir='ltr'><strong>magna</strong></span> <span class='ocrx_word' id='word_1_328' title='bbox 1340 1587 1566 1621; x_wconf 89' lang='lat' dir='ltr'><strong>solemnitate</strong></span> <span class='ocrx_word' id='word_1_329' title='bbox 1587 1588 1681 1622; x_wconf 89' lang='lat' dir='ltr'><strong>cole-</strong></span> 
     </span>
     <span class='ocr_line' id='line_1_66' title="bbox 1031 1637 1678 1684; baseline 0.006 -14"><span class='ocrx_word' id='word_1_330' title='bbox 1031 1637 1131 1671; x_wconf 84' lang='lat' dir='ltr'><strong>bant.</strong></span> <span class='ocrx_word' id='word_1_331' title='bbox 1149 1658 1196 1663; x_wconf 91' lang='lat'><strong>—-</strong></span> <span class='ocrx_word' id='word_1_332' title='bbox 1214 1639 1381 1683; x_wconf 72' lang='lat' dir='ltr'><strong>Unctdque</strong></span> <span class='ocrx_word' id='word_1_333' title='bbox 1401 1640 1562 1684; x_wconf 54' lang='lat' dir='ltr'><strong>fenestra.</strong></span> <span class='ocrx_word' id='word_1_334' title='bbox 1593 1641 1678 1674; x_wconf 85' lang='lat' dir='ltr'><strong>Scil.</strong></span> 
     </span>
     <span class='ocr_line' id='line_1_67' title="bbox 1031 1688 1678 1735; baseline 0.006 -13"><span class='ocrx_word' id='word_1_335' title='bbox 1031 1689 1078 1722; x_wconf 91' lang='lat' dir='ltr'><strong>ob</strong></span> <span class='ocrx_word' id='word_1_336' title='bbox 1088 1688 1263 1723; x_wconf 84' lang='lat' dir='ltr'><strong>exsudans</strong></span> <span class='ocrx_word' id='word_1_337' title='bbox 1275 1690 1398 1724; x_wconf 91' lang='lat' dir='ltr'><strong>oleum</strong></span> <span class='ocrx_word' id='word_1_338' title='bbox 1410 1703 1430 1725; x_wconf 90' lang='lat' dir='ltr'><strong>e</strong></span> <span class='ocrx_word' id='word_1_339' title='bbox 1442 1691 1678 1735; x_wconf 77' lang='lat' dir='ltr'><strong>lampadibus.</strong></span> 
     </span>
     <span class='ocr_line' id='line_1_68' title="bbox 1083 1743 1678 1792; baseline 0.005 -16"><span class='ocrx_word' id='word_1_340' title='bbox 1083 1743 1144 1776; x_wconf 84' lang='lat'><strong>181</strong></span> <span class='ocrx_word' id='word_1_341' title='bbox 1154 1769 1161 1776; x_wconf 93' lang='lat'><strong>.</strong></span> <span class='ocrx_word' id='word_1_342' title='bbox 1195 1745 1365 1787; x_wconf 83' lang='lat' dir='ltr'><strong>Dispositoe</strong></span> <span class='ocrx_word' id='word_1_343' title='bbox 1393 1747 1572 1790; x_wconf 80' lang='lat' dir='ltr'><strong>pinguem,</strong></span> <span class='ocrx_word' id='word_1_344' title='bbox 1599 1747 1678 1792; x_wconf 63' lang='lat' dir='ltr'><strong>etc-,J</strong></span> 
     </span>
     <span class='ocr_line' id='line_1_69' title="bbox 1032 1794 1681 1841; baseline 0.005 -12"><span class='ocrx_word' id='word_1_345' title='bbox 1032 1794 1188 1830; x_wconf 88' lang='lat' dir='ltr'><strong>Modum</strong></span> <span class='ocrx_word' id='word_1_346' title='bbox 1206 1795 1365 1831; x_wconf 88' lang='lat' dir='ltr'><strong>ostendit</strong></span> <span class='ocrx_word' id='word_1_347' title='bbox 1385 1810 1458 1841; x_wconf 84' lang='lat' dir='ltr'><strong>quo</strong></span> <span class='ocrx_word' id='word_1_348' title='bbox 1476 1796 1551 1832; x_wconf 82' lang='lat' dir='ltr'><strong>dies</strong></span> <span class='ocrx_word' id='word_1_349' title='bbox 1568 1798 1681 1833; x_wconf 85' lang='lat' dir='ltr'><strong>Hero-</strong></span> 
     </span>
     <span class='ocr_line' id='line_1_70' title="bbox 1035 1847 1694 1886; baseline 0.008 -5"><span class='ocrx_word' id='word_1_350' title='bbox 1035 1847 1090 1881; x_wconf 90' lang='lat' dir='ltr'><strong>dis</strong></span> <span class='ocrx_word' id='word_1_351' title='bbox 1103 1848 1147 1882; x_wconf 89' lang='lat' dir='ltr'><strong>ab</strong></span> <span class='ocrx_word' id='word_1_352' title='bbox 1161 1848 1374 1884; x_wconf 85' lang='lat' dir='ltr'><strong>Herodianis</strong></span> <span class='ocrx_word' id='word_1_353' title='bbox 1387 1850 1586 1885; x_wconf 85' lang='lat' dir='ltr'><strong>colebatur.</strong></span> <span class='ocrx_word' id='word_1_354' title='bbox 1601 1852 1694 1886; x_wconf 80' lang='lat' dir='ltr'><strong>Fes-&#39;</strong></span> 
     </span>
     <span class='ocr_line' id='line_1_71' title="bbox 1034 1901 1682 1946; baseline 0.009 -12"><span class='ocrx_word' id='word_1_355' title='bbox 1034 1909 1156 1935; x_wconf 92' lang='lat' dir='ltr'><strong>torum</strong></span> <span class='ocrx_word' id='word_1_356' title='bbox 1189 1911 1311 1937; x_wconf 88' lang='lat' dir='ltr'><strong>autem</strong></span> <span class='ocrx_word' id='word_1_357' title='bbox 1349 1901 1492 1938; x_wconf 84' lang='lat' dir='ltr'><strong>dierum</strong></span> <span class='ocrx_word' id='word_1_358' title='bbox 1523 1904 1582 1939; x_wconf 84' lang='lat' dir='ltr'><strong>alii</strong></span> <span class='ocrx_word' id='word_1_359' title='bbox 1596 1930 1608 1946; x_wconf 91' lang='lat'><strong>‚</strong></span> <span class='ocrx_word' id='word_1_360' title='bbox 1639 1914 1682 1940; x_wconf 90' lang='lat' dir='ltr'><strong>ut</strong></span> 
     </span>
     <span class='ocr_line' id='line_1_72' title="bbox 1033 1956 1683 2005; baseline 0.006 -17"><span class='ocrx_word' id='word_1_361' title='bbox 1033 1968 1145 1998; x_wconf 86' lang='lat' dir='ltr'><strong>nunc,</strong></span> <span class='ocrx_word' id='word_1_362' title='bbox 1155 1956 1333 1992; x_wconf 88' lang='lat' dir='ltr'><strong>hilaritate</strong></span> <span class='ocrx_word' id='word_1_363' title='bbox 1342 1965 1451 2004; x_wconf 88' lang='lat' dir='ltr'><strong>atque</strong></span> <span class='ocrx_word' id='word_1_364' title='bbox 1461 1958 1576 2005; x_wconf 86' lang='lat' dir='ltr'><strong>epulis</strong></span> <span class='ocrx_word' id='word_1_365' title='bbox 1587 1961 1683 1992; x_wconf 81' lang='lat' dir='ltr'><strong>trau&#39;-</strong></span> 
     </span>
     <span class='ocr_line' id='line_1_73' title="bbox 1033 2009 1682 2059; baseline 0.006 -17"><span class='ocrx_word' id='word_1_366' title='bbox 1033 2009 1240 2055; x_wconf 88' lang='lat' dir='ltr'><strong>sigebantur</strong></span> <span class='ocrx_word' id='word_1_367' title='bbox 1251 2035 1261 2051; x_wconf 89' lang='lat'>‚</span> <span class='ocrx_word' id='word_1_368' title='bbox 1279 2010 1339 2044; x_wconf 89' lang='lat' dir='ltr'><strong>alii</strong></span> <span class='ocrx_word' id='word_1_369' title='bbox 1358 2011 1504 2057; x_wconf 88' lang='lat' dir='ltr'><strong>planctu</strong></span> <span class='ocrx_word' id='word_1_370' title='bbox 1514 2036 1525 2053; x_wconf 93' lang='lat'>‚</span> <span class='ocrx_word' id='word_1_371' title='bbox 1537 2012 1682 2059; x_wconf 82' lang='lat' dir='ltr'><strong>jejuniis</strong></span> 
     </span>
     <span class='ocr_line' id='line_1_74' title="bbox 1034 2063 1681 2101; baseline 0.006 -6"><span class='ocrx_word' id='word_1_372' title='bbox 1034 2070 1070 2095; x_wconf 91' lang='lat' dir='ltr'><strong>et</strong></span> <span class='ocrx_word' id='word_1_373' title='bbox 1089 2063 1185 2096; x_wconf 86' lang='lat' dir='ltr'><strong>varia</strong></span> <span class='ocrx_word' id='word_1_374' title='bbox 1202 2063 1401 2098; x_wconf 89' lang='lat' dir='ltr'><strong>imitatione</strong></span> <span class='ocrx_word' id='word_1_375' title='bbox 1421 2064 1588 2101; x_wconf 72' lang='lat' dir='ltr'><strong>tristitiae.-</strong></span> <span class='ocrx_word' id='word_1_376' title='bbox 1607 2065 1681 2099; x_wconf 88' lang='lat' dir='ltr'><strong>He-</strong></span> 
     </span>
     <span class='ocr_line' id='line_1_75' title="bbox 1032 2113 1683 2153; baseline 0.009 -6"><span class='ocrx_word' id='word_1_377' title='bbox 1032 2114 1133 2148; x_wconf 85' lang='lat' dir='ltr'><strong>rodis</strong></span> <span class='ocrx_word' id='word_1_378' title='bbox 1157 2113 1234 2149; x_wconf 89' lang='lat' dir='ltr'><strong>dies</strong></span> <span class='ocrx_word' id='word_1_379' title='bbox 1260 2116 1357 2150; x_wconf 88' lang='lat' dir='ltr'><strong>inter</strong></span> <span class='ocrx_word' id='word_1_380' title='bbox 1386 2117 1487 2151; x_wconf 81' lang='lat' dir='ltr'><strong>laetos</strong></span> <span class='ocrx_word' id='word_1_381' title='bbox 1514 2130 1683 2153; x_wconf 77' lang='lat' dir='ltr'><strong>numera·</strong></span> 
     </span>
     <span class='ocr_line' id='line_1_76' title="bbox 1032 2168 1681 2215; baseline 0.009 -15"><span class='ocrx_word' id='word_1_382' title='bbox 1032 2168 1139 2201; x_wconf 90' lang='lat' dir='ltr'><strong>batur</strong></span> <span class='ocrx_word' id='word_1_383' title='bbox 1151 2181 1161 2210; x_wconf 82' lang='lat'><em>3</em></span> <span class='ocrx_word' id='word_1_384' title='bbox 1178 2181 1263 2215; x_wconf 79' lang='lat' dir='ltr'><strong>ergo</strong></span> <span class='ocrx_word' id='word_1_385' title='bbox 1276 2169 1460 2214; x_wconf 87' lang='lat' dir='ltr'><strong>pertinent</strong></span> <span class='ocrx_word' id='word_1_386' title='bbox 1471 2173 1515 2206; x_wconf 73' lang='lat' dir='ltr'><strong>eo</strong></span> <span class='ocrx_word' id='word_1_387' title='bbox 1524 2171 1681 2210; x_wconf 65' lang='lat' dir='ltr'><strong>lucernae</strong></span> 
     </span>
     <span class='ocr_line' id='line_1_77' title="bbox 1031 2220 1680 2270; baseline 0.008 -17"><span class='ocrx_word' id='word_1_388' title='bbox 1031 2220 1195 2255; x_wconf 82' lang='lat' dir='ltr'><strong>fenestris</strong></span> <span class='ocrx_word' id='word_1_389' title='bbox 1208 2234 1361 2257; x_wconf 86' lang='lat' dir='ltr'><strong>accensae</strong></span> <span class='ocrx_word' id='word_1_390' title='bbox 1373 2247 1384 2264; x_wconf 92' lang='lat'><strong>‚</strong></span> <span class='ocrx_word' id='word_1_391' title='bbox 1397 2223 1503 2257; x_wconf 86' lang='lat' dir='ltr'><strong>flores</strong></span> <span class='ocrx_word' id='word_1_392' title='bbox 1516 2231 1551 2258; x_wconf 87' lang='lat' dir='ltr'><strong>et</strong></span> <span class='ocrx_word' id='word_1_393' title='bbox 1564 2224 1680 2270; x_wconf 85' lang='lat' dir='ltr'><strong>epulae</strong></span> 
     </span>
     <span class='ocr_line' id='line_1_78' title="bbox 1032 2274 1680 2319; baseline 0.008 -13"><span class='ocrx_word' id='word_1_394' title='bbox 1032 2285 1186 2319; x_wconf 90' lang='lat' dir='ltr'><strong>quarum</strong></span> <span class='ocrx_word' id='word_1_395' title='bbox 1205 2274 1263 2307; x_wconf 79' lang='lat' dir='ltr'><strong>hic</strong></span> <span class='ocrx_word' id='word_1_396' title='bbox 1287 2275 1450 2310; x_wconf 88' lang='lat' dir='ltr'><strong>meminit</strong></span> <span class='ocrx_word' id='word_1_397' title='bbox 1468 2276 1680 2310; x_wconf 86' lang='lat' dir='ltr'><strong>Persius.—</strong></span> 
     </span>
     <span class='ocr_line' id='line_1_79' title="bbox 1030 2327 1680 2370; baseline 0.008 -12"><span class='ocrx_word' id='word_1_398' title='bbox 1030 2327 1183 2370; x_wconf 77' lang='lat' dir='ltr'><strong>Pinguem</strong></span> <span class='ocrx_word' id='word_1_399' title='bbox 1190 2329 1341 2360; x_wconf 85' lang='lat' dir='ltr'><strong>nebulam</strong></span> <span class='ocrx_word' id='word_1_400' title='bbox 1350 2341 1514 2361; x_wconf 76' lang='lat' dir='ltr'><strong>vomuere.</strong></span> <span class='ocrx_word' id='word_1_401' title='bbox 1522 2328 1680 2363; x_wconf 86' lang='lat' dir='ltr'><strong>Fumum</strong></span> 
     </span>
     <span class='ocr_line' id='line_1_80' title="bbox 1032 2377 1679 2416; baseline 0.008 -5"><span class='ocrx_word' id='word_1_402' title='bbox 1032 2377 1185 2412; x_wconf 84' lang='lat' dir='ltr'><strong>densum</strong></span> <span class='ocrx_word' id='word_1_403' title='bbox 1198 2387 1233 2412; x_wconf 89' lang='lat' dir='ltr'><strong>et</strong></span> <span class='ocrx_word' id='word_1_404' title='bbox 1246 2391 1402 2414; x_wconf 89' lang='lat' dir='ltr'><strong>crassum</strong></span> <span class='ocrx_word' id='word_1_405' title='bbox 1415 2381 1527 2415; x_wconf 86' lang='lat' dir='ltr'><strong>instar</strong></span> <span class='ocrx_word' id='word_1_406' title='bbox 1538 2381 1679 2416; x_wconf 82' lang='lat' dir='ltr'><strong>nehulae</strong></span> 
     </span>
     <span class='ocr_line' id='line_1_81' title="bbox 1032 2432 1682 2469; baseline 0.008 -5"><span class='ocrx_word' id='word_1_407' title='bbox 1032 2432 1204 2465; x_wconf 91' lang='lat' dir='ltr'><strong>emittunt</strong></span> <span class='ocrx_word' id='word_1_408' title='bbox 1216 2432 1373 2467; x_wconf 83' lang='lat' dir='ltr'><strong>lucernae</strong></span> <span class='ocrx_word' id='word_1_409' title='bbox 1385 2433 1424 2467; x_wconf 89' lang='lat' dir='ltr'><strong>in</strong></span> <span class='ocrx_word' id='word_1_410' title='bbox 1439 2434 1602 2469; x_wconf 81' lang='lat' dir='ltr'><strong>fenestris</strong></span> <span class='ocrx_word' id='word_1_411' title='bbox 1612 2433 1682 2468; x_wconf 73' lang='lat' dir='ltr'><strong>dis-</strong></span> 
     </span>
     <span class='ocr_line' id='line_1_82' title="bbox 1032 2485 1679 2534; baseline 0.008 -16"><span class='ocrx_word' id='word_1_412' title='bbox 1032 2485 1170 2532; x_wconf 80' lang='lat' dir='ltr'><strong>positae.</strong></span> <span class='ocrx_word' id='word_1_413' title='bbox 1192 2505 1239 2511; x_wconf 92' lang='lat'>—</span> <span class='ocrx_word' id='word_1_414' title='bbox 1259 2488 1427 2520; x_wconf 69' lang='lat' dir='ltr'><strong>Lucerna.</strong></span> <span class='ocrx_word' id='word_1_415' title='bbox 1468 2487 1579 2534; x_wconf 86' lang='lat' dir='ltr'><strong>Apud</strong></span> <span class='ocrx_word' id='word_1_416' title='bbox 1612 2501 1679 2523; x_wconf 82' lang='lat' dir='ltr'><strong>nos</strong></span> 
     </span>
     <span class='ocr_line' id='line_1_83' title="bbox 1033 2537 1679 2588; baseline 0.006 -16"><span class='ocrx_word' id='word_1_417' title='bbox 1033 2537 1166 2582; x_wconf 90' lang='lat' dir='ltr'><strong>hodie,</strong></span> <span class='ocrx_word' id='word_1_418' title='bbox 1185 2538 1223 2572; x_wconf 91' lang='lat' dir='ltr'><strong>in</strong></span> <span class='ocrx_word' id='word_1_419' title='bbox 1246 2539 1355 2574; x_wconf 88' lang='lat' dir='ltr'><strong>rebus</strong></span> <span class='ocrx_word' id='word_1_420' title='bbox 1378 2540 1487 2583; x_wconf 76' lang='lat' dir='ltr'><strong>laetis,</strong></span> <span class='ocrx_word' id='word_1_421' title='bbox 1511 2549 1589 2575; x_wconf 87' lang='lat' dir='ltr'><strong>tum</strong></span> <span class='ocrx_word' id='word_1_422' title='bbox 1608 2550 1679 2588; x_wconf 81' lang='lat' dir='ltr'><strong>pu-</strong></span> 
     </span>
     <span class='ocr_line' id='line_1_84' title="bbox 1033 2592 1680 2642; baseline 0.005 -16"><span class='ocrx_word' id='word_1_423' title='bbox 1033 2592 1157 2636; x_wconf 84' lang='lat' dir='ltr'><strong>blicis,</strong></span> <span class='ocrx_word' id='word_1_424' title='bbox 1177 2600 1255 2627; x_wconf 87' lang='lat' dir='ltr'><strong>tum</strong></span> <span class='ocrx_word' id='word_1_425' title='bbox 1273 2593 1440 2640; x_wconf 80' lang='lat' dir='ltr'><strong>privatis,</strong></span> <span class='ocrx_word' id='word_1_426' title='bbox 1459 2594 1598 2642; x_wconf 87' lang='lat' dir='ltr'><strong>cymbia</strong></span> <span class='ocrx_word' id='word_1_427' title='bbox 1615 2595 1680 2629; x_wconf 86' lang='lat' dir='ltr'><strong>flc-</strong></span> 
     </span>
     <span class='ocr_line' id='line_1_85' title="bbox 1035 2644 1679 2693; baseline 0.006 -13"><span class='ocrx_word' id='word_1_428' title='bbox 1035 2645 1110 2681; x_wconf 83' lang='lat' dir='ltr'><strong>tilia</strong></span> <span class='ocrx_word' id='word_1_429' title='bbox 1123 2670 1134 2689; x_wconf 83' lang='lat'><strong>,</strong></span> <span class='ocrx_word' id='word_1_430' title='bbox 1165 2644 1262 2682; x_wconf 85' lang='lat' dir='ltr'><strong>dicta</strong></span> <span class='ocrx_word' id='word_1_431' title='bbox 1298 2649 1455 2693; x_wconf 80' lang='lat' dir='ltr'><strong>lampions</strong></span> <span class='ocrx_word' id='word_1_432' title='bbox 1470 2674 1483 2689; x_wconf 87' lang='lat'><em>,</em></span> <span class='ocrx_word' id='word_1_433' title='bbox 1514 2649 1679 2684; x_wconf 71' lang='lat' dir='ltr'><strong>fenestris</strong></span> 
     </span>
    </p>
   </div>
  </div>
 </body>
</html>
