1884 3268
521 473 660 541 AD
717 471 1358 541 LECTOREM.

281 814 588 893 Voummv
620 842 747 900 hoc,
778 843 831 889 in
868 859 971 907 quo
1003 843 1164 890 satirae
1198 858 1283 890 sex
1315 845 1372 889 A.
1403 844 1630 901 Pensm,

276 945 474 976 necnon
497 933 550 977 C.
580 933 825 979 Lucan
855 929 1130 995 fragmenta
1159 931 1507 987 continentur,
1535 930 1628 977 diu

279 1025 649 1087 exspectatum'‚
682 1018 882 1065 tandem
911 1018 1082 1082 prodit
1115 1020 1170 1064 in
1201 1017 1381 1065 lucem.
1408 1018 1556 1078 Quod
1587 1019 1630 1065 si

276 1104 679 1167 praecedentibus
713 1108 773 1166 D.
812 1108 979 1151 luxu
1011 1107 1333 1151 Juvvaus
1362 1107 1630 1152 satirarum

278 1192 459 1250 tomis,
486 1201 536 1238 et
572 1194 634 1251 Q.
674 1195 928 1239 HonATu
963 1192 1453 1256 FLAccropet-ibus
1488 1209 1516 1238 a
1548 1209 1631 1239 me

279 1277 427 1325 editis
447 1315 462 1338 ‚
497 1295 631 1326 anno
663 1281 732 1326 M.
748 1281 924 1326 DCCC.
939 1282 1005 1325 VI
1026 1316 1040 1338 ,
1070 1282 1278 1338 Lector,
1315 1280 1629 1343 adjunxeris,

277 1365 734 1430 satimgraphorum
763 1369 1105 1413 Romanorum
1138 1368 1316 1413 seriem
1345 1369 1632 1415 universam

274 1451 498 1500 habebis.
525 1455 694 1518 thue
720 1453 811 1500 tibi
840 1455 1043 1518 tuisque
1071 1454 1249 1501 studiis
1282 1454 1411 1501 bene
1436 1466 1595 1502 vertat
1613 1492 1628 1516 ,

275 1543 443 1588 Dtus
480 1557 606 1588 01³·r.
647 1558 788 1588 qu.
832 1540 993 1589 faxit!
1031 1544 1104 1589 De
1137 1559 1250 1589 meo
1286 1542 1455 1590 labore
1494 1561 1633 1590 nunc

275 1647 437 1696 pauca
480 1630 657 1678 dicam.
702 1631 945 1678 Eumdem
989 1632 1358 1697 propemodum
1400 1632 1633 1681 ordinem

276 1721 332 1765 in
366 1718 725 1766 distribuendis
759 1721 1005 1779 materiis,
1038 1721 1363 1786 eamdemque
1392 1722 1447 1767 in
1476 1721 1632 1786 expli-

276 1806 437 1854 cando
477 1817 716 1854 contextu
740 1845 754 1866 ,
802 1818 889 1854 aut
938 1809 991 1854 in
1036 1808 1350 1856 emendando
1385 1811 1635 1856 rationem

275 1885 466 1941 servavi
485 1912 496 1940 ε
518 1894 769 1959 quidquid
791 1896 926 1942 enim
948 1896 1100 1942 semel
1122 1895 1311 1960 placuit
1332 1913 1436 1943 non
1456 1896 1634 1944 leviter

276 1998 444 2046 neque
466 1984 573 2029 sine
595 1999 741 2030 causa
765 1983 1112 2030 deserendum.
1141 1985 1323 2031 Iisdem
1343 1987 1499 2049 igitur
1522 1987 1632 2050 opi-

275 2070 372 2117 bus
401 2070 625 2134 adjutus,
655 2071 911 2118 codicibus
944 2072 1129 2119 scilieet
1153 2072 1468 2120 Bibliothecae
1498 2074 1630 2119 Pari·

274 2157 396 2204 sinae
414 2194 427 2216 ,
454 2159 666 2205 Cornuti
697 2168 935 2223 praeterea
953 2196 966 2218 ‚
992 2161 1291 2218 Britannici,
1317 2160 1627 2216 Casauboni,

273 2245 482 2304 Lubini,
501 2247 684 2303 Pratei‚
701 2256 751 2293 et
765 2246 976 2294 aliorum
992 2247 1151 2294 doctis
1166 2247 1632 2297 elucubrationibus

275 2331 463 2379 ditatus
483 2369 498 2391 ,
530 2349 639 2379 rem
671 2332 982 2381 difficultatis
1014 2333 1151 2381 haud
1184 2352 1371 2399 parvae‚
1406 2331 1630 2392 fatebor,

277 2435 532 2483 aggressus
555 2437 685 2467 sum.
713 2422 991 2468 Casauboni
1016 2421 1481 2486 praestantissimum
1504 2416 1634 2485 opus

276 2506 435 2553 veluti
464 2506 852 2555 fundamentum
892 2510 1009 2555 novi
1038 2508 1386 2555 commentarii
1418 2506 1634 2554 libenter

278 2595 457 2657 recepi.
480 2596 567 2651 At,
591 2593 708 2642 cum
733 2596 786 2642 in
812 2611 871 2642 eo
896 2593 1159 2658 multiplex
1180 2603 1230 2641 et
1254 2596 1497 2644 immensa
1518 2612 1629 2644 eru-
