1846 3184
316 284 401 329 252
560 287 606 328 C.
642 285 913 330 LUCILII
944 287 1372 333 FRAGMENTA

367 368 574 406 Consumis
595 369 757 420 squilla,
774 378 892 421 atque
909 371 1128 422 acipensere
1147 385 1239 410 cum
1259 373 1491 412 decumano.

363 432 500 471 Laeliu’
515 433 697 485 praeclare
713 442 751 471 et
767 443 870 472 recte
889 435 1034 486 sophos
1046 464 1057 483 ,
1074 436 1219 488 illaque
1233 451 1335 475 vere.

945 501 968 537 Ι
982 502 1013 537 Ι.

363 562 483 610 Quod
501 571 703 614 sumptum
719 571 836 614 atque
856 563 992 615 epulas
1008 565 1114 603 victu
1131 567 1326 617 praeponis
1341 566 1518 605 honesto.

936 629 955 665 I
968 630 987 665 Ῑ
1000 630 1031 665 I.

343 743 347 748 .
364 694 463 730 Nam
481 690 577 742 quid
598 691 752 729 mutiuo
770 691 1032 744 subrectoque
1049 693 1142 731 huic
1161 696 1253 746 opu’
1271 695 1411 747 signo?

363 758 416 795 Ut
435 756 653 797 lurcaretur
670 756 825 794 lardum
836 785 847 803 ‚
867 765 906 795 et
926 759 1098 796 camaria
1112 758 1250 796 furtim

361 824 510 858 Parum*
524 821 742 859 conficeret.

945 888 964 923 I
973 889 1021 924 V.

362 949 523 1002 Fingere
539 960 722 1001 praeterea
739 951 882 988 adferri
900 935 1009 1002 qdod
1028 951 1195 1002 quisque
1212 951 1380 990 volebat.

361 1016 482 1054 Illum
501 1017 652 1054 sumina
673 1016 868 1054 ducebant
880 1045 891 1063 ‚
908 1024 1025 1067 atque
1043 1016 1212 1053 altilium
1229 1016 1340 1062 lanx,

360 1083 475 1119 Hunc
494 1090 633 1133 pontes
655 1081 851 1119 Tiberinu’
869 1081 950 1119 duo
969 1081 1070 1119 inter
1089 1083 1216 1132 captu'
1237 1081 1381 1120 catillo.

679 1151 681 1154 '
959 1148 1009 1183 V.

360 1210 424 1248 Illi
445 1211 625 1263 praeciso,
644 1219 761 1263 atque
784 1210 912 1262 epulis
937 1211 1145 1262 capiuntur
1163 1211 1317 1262 opimis.

944 1278 978 1313 V
990 1278 1022 1313 Ι.

359 1341 546 1392 Thynnos
564 1349 737 1392 captato,
757 1340 967 1378 cordulam
986 1340 1151 1379 exclude
1170 1354 1179 1376 ε
1203 1340 1372 1379 minores

359 1406 555 1444 Occidunt
568 1435 579 1452 ‚
599 1409 709 1456 Lupe
721 1435 731 1452 ‚
751 1406 923 1456 saperdae
941 1414 979 1444 te
994 1435 1004 1452 ‚
1027 1414 1066 1443 et
1081 1406 1171 1454 jura
1191 1405 1328 1451 siluri3

359 1473 508 1509 Sumen
525 1479 563 1508 te
575 1498 585 1517 ‚
604 1479 722 1521 atque
740 1470 852 1507 amia.

929 1537 965 1572 V
974 1535 991 1570 Ι
1005 1535 1035 1570 Ι.

367 1627 1148 1638 ..............................
1171 1599 1320 1636 Vinum
1382 1647 1386 1651 ἱ

357 1666 550 1704 Defusum
566 1665 712 1716 quibus
727 1678 748 1702 c
766 1651 971 1715 pleno⁸fiet
986 1663 1204 1714 oenophoro
1215 1690 1226 1708 ‚
1245 1662 1311 1700 cui

356 1731 422 1769 Nil
442 1714 688 1782 dempsit⁸hir
701 1758 712 1776 ,
733 1737 772 1767 et
789 1729 854 1766 cui
873 1728 1050 1766 sacculus
1070 1727 1272 1766 abstulerit
1290 1726 1362 1766 nil.

915 1795 951 1830 V
961 1795 979 1829 Ι
992 1794 1011 1829 I
1023 1794 1055 1829 Ι.

368 1884 829 1897 ..................
827 1872 833 1876 ·
847 1885 856 1894 .
874 1886 882 1894 .
905 1857 1074 1907 Editque
1093 1856 1273 1908 bibitque

356 1922 538 1960 Jucunde
556 1931 673 1972 atque
693 1920 824 1965 ἀδεῶς
841 1934 913 1959 nec
932 1921 1061 1967 solum
1080 1920 1121 1958 id
1133 1950 1144 1966 ‚
1163 1921 1231 1967 sed
1248 1920 1349 1958 bene
1367 1929 1503 1968 cocto,
1520 1930 1563 1960 et

356 1987 524 2029 Condito
545 1999 721 2023 sermone
741 1986 846 2023 bono
859 2014 870 2032 ‚
888 1994 927 2023 et
940 2015 951 2033 ‚
971 1986 1003 2023 si
1019 1985 1152 2037 quaeri’
1165 2014 1176 2032 ,
1196 1985 1376 2024 libenter.

932 2053 952 2087 I
963 2052 1014 2088 X.

357 2116 483 2155 Vivite
502 2115 685 2153 lurcones
697 2142 708 2160 ‚
729 2114 985 2162 comedones‚
1005 2114 1122 2153 vivite
1139 2123 1305 2155 ventres.

353 2271 384 2290 2.
407 2258 448 2290 A.
476 2258 622 2296 Gellius,
641 2257 699 2293 lib,
725 2259 785 2295 IV,
804 2267 873 2299 cap.
904 2257 956 2287 16.
1059 2258 1089 2288 5.
1107 2257 1260 2289 Nonius:
1272 2259 1446 2290 Praecisum
1463 2264 1497 2290 et
1511 2266 1658 2290 omasum

304 2312 454 2344 Lucilius
472 2313 509 2342 in
529 2310 642 2342 dativo
667 2321 747 2342 casu
765 2310 858 2341 victu
876 2309 958 2340 dicit
1008 2318 1118 2352 partes
1137 2311 1244 2341 carnis
1261 2318 1295 2341 et
1309 2311 1482 2342 viscerum.

302 2377 373 2397 non
388 2365 505 2396 victui.
716 2392 719 2394 .
1057 2365 1092 2396 6.
1110 2365 1217 2394 Varro
1229 2386 1239 2401 ,
1254 2363 1295 2394 de
1316 2363 1409 2405 Ling.
1429 2365 1498 2394 Lat.
1517 2363 1575 2394 lib.
1589 2365 1655 2394 VI:

353 2420 383 2449 3.
399 2419 532 2449 Nonius
545 2429 551 2448 :
568 2419 711 2448 lurcare
726 2423 774 2448 est
790 2427 869 2447 cum
884 2415 954 2447 avi-
1006 2417 1151 2448 Piscium
1162 2416 1299 2447 nomina
1311 2423 1409 2455 sunt,
1422 2427 1606 2458 eorumque
1619 2417 1655 2448 in

302 2473 403 2503 ditate
413 2472 526 2502 cibum
537 2470 898 2509 sumere—Mutinam,
906 2477 955 2501 est
1008 2470 1135 2503 Graecia
1149 2470 1254 2512 origo.

304 2523 436 2571 σφραγὶς
447 2549 457 2566 ‚
471 2525 524 2555 vel
540 2523 764 2570 φυλακτήριον.
783 2525 868 2570 Nam
885 2535 954 2567 pu·
1057 2518 1089 2564 7¹,
1107 2524 1185 2561 Hir,
1202 2523 1342 2566 siphon,
1355 2522 1409 2553 vel
1423 2524 1475 2560 Ir,
1496 2522 1573 2554 voh
1590 2533 1659 2554 ma-

301 2579 406 2609 denda
426 2589 488 2620 pro
503 2578 652 2609 amuletis
666 2577 824 2619 suspendi
836 2589 853 2608 e
867 2577 955 2609 collo
1007 2588 1088 2616 nus,
1103 2584 1136 2608 et
1149 2576 1293 2607 sumitur
1306 2586 1369 2618 pro
1384 2575 1516 2606 haustu.

302 2631 414 2671 pueris
428 2654 437 2668 ‚
455 2638 571 2662 auctor
590 2638 640 2662 est
654 2632 770 2661 Varro.
1056 2631 1088 2662 8.
1100 2631 1168 2663 Cic.
1178 2629 1221 2661 nd
1233 2629 1300 2660 Au.
1309 2628 1368 2660 lib.
1380 2630 1481 2668 xm,
1493 2628 1588 2671 epist.
1603 2628 1656 2659 50.

351 2689 381 2718 4.
392 2683 516 2723 Catillo,
528 2685 641 2727 lupus,
649 2684 749 2728 piscis
759 2683 953 2728 exquisitus.
1056 2687 1087 2719 9·
1103 2677 1256 2712 Nonius:
1273 2678 1343 2708 ΜΓ
1343 2686 1437 2708 6011θὸ
1450 2686 1471 2708 θ
1485 2675 1659 2727 mendo-
