1846 3184
683 257 805 316 sA'T
817 273 838 314 1
851 260 939 314 ΒΑ
983 274 1017 315 1.
1459 278 1515 337 37

249 355 295 397 N
296 355 328 397 il
340 367 507 397 moror:
523 367 629 412 euge
638 384 652 406 ,
665 367 813 395 omnes
828 353 986 396 etenim
1000 353 1108 395 bene
1121 354 1241 395 mirae
1256 356 1372 397 eritis
1385 371 1462 399 res.

250 429 346 472 Hoc
357 428 505 486 juvat?
523 426 628 481 Hic,
645 429 811 486 inquis,
827 438 924 471 veto
942 429 1163 486 quisquam
1180 429 1282 471 faxit
1298 430 1472 473 oletum.

250 503 385 562 Pinge
402 502 511 546 duos
533 518 712 561 angues:
734 518 887 556 runnu,
911 517 1044 544 sacnti
1067 518 1140 545 851·
1162 518 1314 559 Locus5
1333 504 1473 550 inm.

247 578 431 622 Mum.
454 577 648 621 Discedo.
674 578 815 621 Secuit
839 579 1028 621 Lucilius
1052 579 1236 632 Urbem,

190 713 285 740 tatus
293 712 345 739 est
354 706 474 739 noster
481 705 643 739 satiricus
650 729 661 746 ‚
671 712 735 739 sat.
746 705 800 739 lx
812 719 822 739 ε

189 762 324 803 hisque
334 772 409 792 vous
419 763 449 792 le
458 763 575 799 voulez,
582 763 615 802 je
623 762 685 792 vais
694 762 825 804 changer

272 808 312 838 de
322 819 337 838 ι
369 809 409 838 le.

187 852 224 883 Je
241 853 272 884 le
292 814 412 885 de'tilyare
433 854 531 890 donc;
553 854 701 892 Quiuault
718 859 765 884 est
782 864 826 883 un

268 901 388 941 Virgile
400 911 408 930 :

188 946 310 976 Pudnu
328 957 444 977 comme
460 959 504 977 un
520 947 607 978 soleil
618 957 657 976 en
668 957 724 977 nos
740 957 794 976 ans
807 957 826 976 3

187 1004 412 1070 ΡεΙΙοὲἓ-υόετίῑ
423 1040 525 1070 mieux
541 1039 781 1080 qu'Abhncourt
790 1040 825 1068 ni

267 1088 359 1115 Patra
371 1096 379 1115 :

188 1132 279 1162 Cotin
296 1132 315 1161 'a
334 1142 380 1162 ses
396 1142 531 1162 sermons
546 1132 677 1162 minant
693 1138 778 1162 toute
794 1131 824 1161 13

271 1184 348 1208 terre
357 1199 367 1213 ,

185 1224 271 1254 rena
286 1225 331 1254 les
347 1224 415 1254 flots
431 1224 616 1254 d’auditeurs
631 1233 710 1264 pour
721 1222 795 1253 aller
804 1223 823 1253 ‘a

268 1281 300 1302 sn
315 1272 416 1302 chaire
429 1281 438 1301 τ

186 1315 289 1345 Sausal
296 1323 341 1346 est
348 1316 378 1346 le
385 1315 501 1355 phenix
510 1315 564 1346 des
573 1315 682 1355 equ-its
689 1314 803 1346 releve's
809 1326 819 1345 ε

184 1362 301 1392 Parin.
314 1384 322 1392 .
336 1384 344 1392 .
358 1383 368 1392 .
377 1363 458 1398 Bon,
470 1373 544 1393 mon
553 1363 662 1402 equ-it,
676 1372 819 1402 contage,

266 1419 445 1449 pennum
454 1420 464 1439 ε

184 1454 264 1485 Mais
273 1465 311 1485 ne
318 1466 496 1502 voyez-yous
503 1465 558 1496 pas
567 1466 626 1496 que
637 1456 703 1485 leur
709 1462 818 1496 troupe

264 1512 302 1532 eu
313 1501 391 1533 sui-ie

183 1549 234 1578 Va
247 1549 379 1588 prendre
399 1559 491 1580 encor
509 1559 557 1580 ces
574 1558 640 1579 vers
658 1559 738 1589 pour
756 1559 816 1578 une

263 1595 391 1625 nilla-ie
399 1596 415 1624 ἲ

183 1659 231 1666 -—
241 1642 334 1673 Alba.
350 1639 397 1674 Id
409 1648 465 1674 est
477 1665 488 1682 ,
506 1640 762 1688 approbatione
781 1647 817 1674 et

179 1690 285 1725 laude
302 1690 419 1736 digna.
439 1691 483 1723 A.

232 1755 249 1777 1
257 1755 272 1777 1
280 1755 295 1777 1
302 1768 312 1777 .
328 1748 415 1776 Bene
426 1745 517 1776 miroe
528 1745 614 1776 eritis
626 1743 697 1789 νει]
714 1742 814 1776 Ridi-

181 1798 263 1829 cula
284 1797 404 1830 versus
428 1797 582 1831 clausula
591 1822 602 1838 ,
620 1796 815 1830 ridiculum

180 1843 423 1882 adulatoribus
438 1849 557 1882 omnia
570 1846 816 1882 consentiendi

181 1901 370 1934 eonsilium
387 1910 468 1947 apte
486 1899 614 1948 pingit}
632 1901 672 1934 P.

217 1965 235 1986 1
242 1965 257 1987 1
263 1965 293 1986 ².
298 1956 486 1998 Hocjuvaae]
493 1954 655 1988 Placetne
662 1954 725 1987 tibi
734 1966 818 1988 cou-

181 2004 300 2038 silium
306 2005 520 2040 meum?hoe
529 2006 623 2040 enim
633 2019 651 2040 a
659 2019 716 2040 me
725 2007 816 2053 petis

182 2058 198 2101 (
205 2056 294 2105 Gall.
301 2058 448 2091 &remus
458 2059 754 2103 contentP).-Hi⁴c,
766 2061 816 2092 in-

179 2111 263 2152 quis,
274 2119 363 2148 veto,
368 2119 425 2143 ecc.
434 2110 583 2157 Nempe,
591 2111 661 2144 hoc
672 2111 732 2154 ais,
740 2112 812 2145 scil.

170 2169 215 2207 ‘te
230 2161 320 2196 velle
339 2174 408 2208 pro
427 2174 524 2197 sacro
543 2163 670 2197 sanctis
690 2164 813 2198 haberi

177 2212 358 2249 Neronem
380 2216 527 2262 ejusque
540 2220 683 2259 versus3
699 2218 748 2251 ita
769 2225 810 2251 ut

142 2279 144 2281 ·
176 2268 308 2312 grande
326 2267 424 2301 nefas
444 2268 489 2302 sit
513 2280 573 2302 eos
597 2268 699 2303 flocci
719 2282 809 2316 pen·

177 2316 280 2362 dae,
293 2331 367 2354 non
376 2320 494 2354 minus
502 2345 514 2364 ,
524 2333 564 2356 ae
575 2322 603 2355 si
617 2322 696 2369 quis
705 2324 809 2369 juxta

875 717 998 739 muros
1029 705 1151 752 templi
1169 730 1180 747 ‚
1203 706 1261 741 vel
1294 706 1379 741 aedis
1408 719 1516 743 sacrm

866 759 965 802 faxit
981 760 1117 798 oletum,
1135 759 1253 793 alvum
1275 768 1455 794 exoneret.
1469 761 1512 793 C.

926 822 941 844 1
950 822 964 844 1
971 810 1000 844 3.
1009 813 1109 854 Pinge
1120 813 1198 843 duos
1208 813 1352 855 angues]
1363 813 1515 858 Appone

875 863 987 909 igitur
1001 862 1091 896 duos
1109 875 1238 909 angues
1252 863 1425 897 indicium
1443 865 1513 898 loci

876 914 953 947 Deo
960 913 1016 946 vel
1024 913 1138 947 Genio
1146 913 1252 948 alicui
1260 915 1463 948 consecrati.
1471 915 1511 949 C.

875 969 1017 998 ——Duos
1035 978 1167 1009 angues.
1192 966 1341 999 Nullum
1366 966 1488 1001 locum
1498 992 1510 1009 ,

875 1026 1021 1051 auctore
1030 1017 1152 1051 Servio
1160 1042 1171 1059 ,
1185 1018 1326 1064 antiqui
1338 1021 1512 1064 putarunt

876 1082 948 1104 esse
963 1070 1038 1104 sine
1050 1070 1166 1104 Genio
1177 1095 1188 1112 ‚
1203 1071 1265 1117 qui
1280 1083 1345 1117 per
1357 1083 1512 1118 anguem

874 1135 965 1169 saepe
974 1121 1240 1164 ostendebatur3
1251 1131 1285 1157 et
1295 1123 1513 1170 templorum

874 1175 986 1208 muris
994 1175 1204 1221 pingebatur
1210 1175 1345 1221 anguis,
1355 1183 1396 1209 ut
1406 1177 1512 1223 pueri

874 1227 991 1261 territi
1020 1228 1162 1274 pictura
1191 1228 1364 1274 serpentis
1389 1229 1511 1263 locum

872 1280 983 1314 veluti
1000 1292 1138 1314 sacrum
1150 1289 1426 1323 venerarentur,
1443 1294 1511 1316 nec

871 1333 909 1366 in
926 1345 970 1366 eo
987 1332 1175 1375 meierent;
1186 1341 1302 1380 utque
1310 1333 1379 1367 viri
1391 1333 1511 1380 effigie

868 1385 1062 1432 symbolica
1091 1385 1249 1420 numinis
1281 1386 1408 1419 moniti
1426 1411 1437 1428 ,
1464 1387 1509 1419 ab

869 1437 966 1471 omni
979 1437 1185 1483 impuritate
1198 1436 1424 1471 abstinerent.
1436 1438 1508 1471 Ve-

868 1496 960 1522 teres
972 1496 1090 1522 autem
1104 1497 1181 1522 tum
1196 1488 1311 1523 Graeci
1322 1513 1333 1530 ,
1348 1497 1427 1523 tum
1440 1490 1509 1523 Ro-

867 1541 984 1583 mani,
1008 1541 1076 1575 sub
1104 1541 1221 1588 specie
1249 1541 1445 1575 draconum
1471 1550 1507 1575 et

867 1594 1072 1639 serpentum
1085 1594 1236 1627 coluisse
1245 1594 1338 1627 Deos
1349 1602 1506 1636 constat,

869 1658 915 1679 ex
933 1645 1106 1680 Herodot.
1126 1646 1190 1679 lib.
1211 1647 1229 1679 I
1244 1672 1255 1688 ‚
1274 1647 1312 1679 ῙῙ
1324 1670 1335 1687 ,
1356 1646 1505 1680 Pausan.

869 1697 1030 1731 Corinth.
1041 1698 1170 1744 Virgil.
1180 1697 1326 1732 Aeneid.
1335 1699 1384 1739 V,
1393 1711 1427 1732 v.
1442 1699 1484 1732 82
1494 1723 1505 1740 ,

867 1750 1003 1783 Aelian.
1026 1749 1072 1783 de
1090 1751 1243 1784 Animal.
1267 1763 1345 1797 cap.
1371 1763 1389 1783 ²
1402 1776 1414 1792 ‚
1438 1754 1504 1792 16‘,

870 1813 912 1847 17
921 1826 931 1844 ,
944 1802 1041 1836 Plut.
1055 1801 1100 1836 de
1113 1802 1199 1836 Isid.
1214 1811 1249 1837 et
1261 1803 1356 1836 Osir.
1367 1811 1402 1837 et
1414 1803 1503 1837 aliis.

867 1856 1038 1893 —Paeri,
1054 1867 1145 1887 sacer
1159 1864 1207 1887 ese
1225 1857 1324 1887 locus.
1340 1854 1505 1888 Prohibi-

868 1907 974 1940 tiouis
985 1906 1252 1953 formula.Calp.
1261 1907 1369 1954 eclog.
1380 1908 1418 1941 11
1430 1920 1439 1940 :

870 1986 878 1995 .
894 1985 902 1994 .
918 1987 925 1994 .
940 1986 948 1994 .
968 1965 1014 1994 Ite
1030 1965 1153 2006 procul,
1169 1975 1252 1995 sacer
1271 1971 1317 1995 est
1336 1966 1440 2001 locus,
1462 1966 1504 1996 ite

946 2011 1079 2051 profani.
1342 2013 1377 2042 C.
1390 2019 1421 2042 et
1434 2014 1467 2042 P.

916 2067 991 2104 114.
1003 2066 1108 2095 Extra
1124 2063 1252 2109 mejite]
1268 2062 1422 2097 Summae
1436 2064 1502 2096 im-

863 2114 1004 2160 pietatis
1015 2116 1033 2149 f
1034 2115 1087 2149 uit
1100 2115 1198 2162 apud
1213 2116 1350 2150 veteres
1368 2115 1404 2148 in
1420 2111 1502 2148 loco

862 2179 960 2202 sacro
973 2168 1111 2202 urinam
1123 2169 1255 2211 facere3
1270 2168 1369 2214 quod
1383 2177 1501 2201 tamen

860 2220 1111 2265 perlasciviam
1124 2229 1159 2254 et
1172 2228 1422 2265 contemptum
1435 2232 1503 2252 nu-

859 2271 964 2304 minis
980 2284 999 2305 a
1012 2272 1134 2305 multis
1149 2271 1233 2304 fieri
1242 2271 1389 2316 legimus
1402 2269 1502 2316 apud

858 2323 1145 2370 Aristophanem,
1154 2324 1285 2357 Juven.
1298 2330 1333 2355 et
1346 2322 1444 2355 alios.
1455 2323 1498 2357 C.

222 2429 264 2460 V.
285 2440 359 2460 ιιι.
375 2432 490 2462 Omnes
509 2432 623 2463 etenim
643 2434 720 2464 bene
737 2433 828 2464 miroe
852 2434 939 2464 eritis
959 2445 1018 2464 res.
1041 2436 1132 2464 Hanc
1155 2432 1333 2463 lectionem
1353 2434 1501 2466 revocati

115 2474 118 2477 .
177 2492 219 2513 ex
238 2483 392 2514 omnibus
412 2484 479 2515 fere
505 2485 601 2515 codd.
621 2487 694 2516 Vet.
717 2486 820 2516 schol.
846 2487 955 2523 solus,
974 2493 1006 2516 et
1030 2492 1106 2527 post
1129 2496 1205 2516 eum
1224 2485 1364 2516 editores
1385 2487 1501 2529 legum

178 2544 303 2570 omnes,
320 2545 426 2566 omnes
448 2536 526 2566 bene
545 2536 636 2567 mirae
653 2536 740 2567 eritis
758 2548 816 2567 res.
833 2538 911 2568 Nou
932 2537 1097 2578 inelegans
1112 2538 1171 2567 ista
1184 2537 1334 2579 repetitio
1347 2538 1447 2577 foret3
1465 2546 1500 2569 at

178 2592 288 2616 nostra
298 2586 395 2617 lectio
411 2589 655 2619 convenientior
668 2589 748 2619 mihi
760 2589 887 2619 videtur
900 2600 908 2619 ι
926 2590 1032 2630 Euge,
1047 2590 1159 2631 inquit
1175 2591 1273 2631 poe'ta
1282 2613 1292 2628 ‚
1307 2590 1357 2621 nil
1367 2601 1475 2621 moror
1480 2603 1497 2628 ,-

179 2637 310 2674 etenim,
325 2648 418 2679 nam,
431 2641 611 2682 extemplo,
631 2652 737 2670 omnes
756 2642 834 2673 bene
854 2640 950 2673 mirae
966 2641 1051 2673 eritis
1071 2652 1130 2673 ros.
1146 2642 1227 2674 eod.
1241 2650 1375 2676 noster:
1385 2644 1473 2686 &ge
1483 2667 1498 2681 ,

122 2732 126 2737 1
182 2698 287 2719 omnes
301 2689 391 2721 mit-ce
404 2691 481 2722 bene
490 2702 553 2733 per
566 2702 616 2724 me
630 2691 715 2723 eritis
730 2702 790 2724 res.
