1846 3184
283 282 362 309 120

625 267 676 307 A.
710 265 957 308 PERSII
999 264 1252 308 FLACCI

815 362 1086 389 PERSIU&

334 424 434 466 Non
453 423 655 481 equidem
672 423 757 465 hoc
775 423 951 476 studeo,
970 423 1142 481 pullatis
1159 432 1208 464 ut
1226 422 1333 464 mihi
1352 422 1477 481 nugis

334 501 494 559 Pagina
510 511 745 558 turgescat,
765 500 866 541 dare
885 499 1056 557 pondus
1077 499 1232 541 idonea
1251 500 1385 541 fumo.
1577 516 1622 539 πο

337 577 496 619 Secreti
515 577 734 633 loquimur
752 591 760 616 :
783 576 862 616 tibi
883 591 1021 628 nunc,
1039 576 1236 618 hortante
1253 575 1450 618 Camoena
1462 607 1475 628 ,

335 652 601 695 Excutienda
619 652 768 693 damus
787 652 1022 709 praecordia
1038 667 1047 693 :
1066 663 1311 710 quantaque
1329 663 1485 694 nostrae

337 730 441 772 Pars
461 740 532 770 tua
549 730 623 782 sit,
641 730 829 770 Cornute
842 760 853 781 ,
873 728 1048 782 animae,
1068 728 1148 770 tibi
1161 760 1173 782 ‚
1190 728 1327 770 dulcis
1345 729 1480 770 amice
1493 760 1506 780 ,

282 832 385 867 foedis
415 832 539 877 coenis‘
564 832 715 865 abhorre
738 856 748 869 ‚
785 839 819 864 et
851 831 928 877 ple-

280 886 375 919 beias
388 897 444 918 res
458 893 598 918 tantum
612 885 747 930 inspice
758 908 768 924 ‚
783 884 928 927 scilicet,

282 939 414 972 luxum
427 946 461 972 et
473 946 662 983 corruptos
677 937 804 984 populi
815 949 930 970 mores

283 991 425 1025 satirico
444 991 513 1024 sale
531 989 685 1036 deterge.
706 990 744 1023 P.

335 1057 391 1088 19.
420 1047 494 1076 Non
519 1045 667 1086 equidem
698 1044 758 1075 hoc
781 1044 931 1086 stadem]

284 1096 450 1130 Modeste
467 1095 661 1142 respondet
681 1094 834 1129 Persius.
851 1095 933 1127 Non

285 1149 369 1183 ideo
381 1150 450 1183 tale
462 1158 588 1183 votum
599 1149 687 1193 feci3
699 1148 775 1182 scil.
787 1156 934 1181 centum

284 1202 375 1235 mihi
386 1202 456 1235 sint
467 1214 527 1235 ora
543 1201 751 1247 linguaeque
762 1225 771 1241 ‚
782 1209 822 1234 ut
831 1213 935 1246 gran-

287 1252 344 1286 dia
365 1261 399 1286 et
419 1253 583 1286 sublimia
604 1256 792 1299 poetarum
809 1251 935 1285 delira-

286 1315 406 1340 menta
447 1306 597 1339 scribam
619 1318 629 1347 ;
664 1304 725 1338 sed
747 1329 758 1346 ‚
794 1313 863 1338 etc.
889 1325 935 1331 —-

286 1360 424 1390 Pullatis
447 1367 484 1389 ut
503 1359 584 1389 milti
605 1359 707 1401 nugis.
729 1374 743 1386 α
756 1358 799 1390 In
819 1357 933 1390 omni-

291 1427 305 1440 «
321 1411 388 1449 bus
399 1434 410 1450 ‚
426 1410 544 1456 inquit
555 1409 700 1443 Casaub.
714 1410 854 1456 scriptis
863 1421 934 1442 ma-

291 1480 307 1493 «
323 1476 374 1496 nu
386 1463 487 1496 libris
497 1487 507 1504 ‚
522 1462 734 1509 quibusdam
747 1463 852 1497 etiam
863 1462 937 1496 edi-

292 1533 308 1546 ι
324 1516 387 1556 tis,
407 1516 613 1549 invenimus
638 1523 841 1549 constanter
861 1517 935 1557 pal-

234 1594 246 1603 .
293 1586 308 1600 α
324 1570 414 1602 latis.-
425 1581 532 1615 quam
542 1567 734 1601 lectionem
745 1575 780 1601 et
790 1567 937 1613 antiqua

294 1639 309 1652 ι
325 1621 458 1656 scholia
468 1630 675 1667 agnoscunt.
682 1623 820 1654 Pullatae
830 1633 937 1665 nugoe,

295 1693 311 1706 ι
328 1687 407 1722 quae
436 1674 581 1721 pullatis
600 1699 610 1716 ,
634 1683 670 1708 et
695 1674 774 1708 vilis
803 1673 938 1719 popelli

295 1745 311 1759 α
324 1726 463 1774 judicio
474 1727 543 1760 sint
552 1725 748 1773 probandae
760 1739 768 1759 :
780 1738 861 1759 nam
866 1728 942 1769 pul-

297 1795 311 1808 -
328 1781 388 1812 lati
407 1778 504 1825 apud
527 1779 683 1812 Plinium
697 1803 708 1821 ‚
727 1778 941 1813 Suetonium

298 1850 313 1863 ι
330 1833 489 1878 aliosque
529 1840 706 1866 vocantur
748 1834 763 1866 ὁ
806 1829 940 1876 χυὸαἶος

298 1902 314 1916 ι
329 1886 431 1928 ὄχλος.
449 1886 481 1918 N
485 1896 522 1918 ec
542 1885 634 1918 male
648 1893 720 1918 vet·
743 1884 939 1930 interpres,

299 1953 314 1966 α
332 1937 492 1983 quisquis
506 1937 564 1970 ille
580 1938 665 1978 fuit,
680 1936 724 1970 de
738 1937 877 1982 tragicis
890 1949 943 1970 ar-

300 2006 315 2019 «
331 1990 508 2035 gumentis
535 1989 795 2035 interpretatur
807 2013 817 2030 ‚
838 2001 882 2022 ex
900 1989 942 2022 iis

300 2059 315 2072 α
331 2055 410 2088 quae
432 2041 642 2088 praecedunt
658 2054 668 2084 ;
686 2054 824 2087 semper
847 2041 942 2074 enim

301 2111 316 2124 ι
331 2095 369 2128 in
393 2093 569 2140 tragoediis
595 2106 694 2140 reges
710 2094 854 2136 pullati,
873 2093 942 2127 hoc

302 2164 317 2177 «ι
332 2155 384 2181 est
398 2173 409 2190 ,
426 2147 541 2180 moesti
555 2171 566 2188 ‚
592 2154 628 2180 et
659 2146 779 2192 aliquo
808 2146 944 2191 ingenti

303 2218 318 2231 α
333 2213 415 2235 casu
434 2201 551 2235 tristes
569 2199 805 2234 inducuntur.
824 2200 867 2232 In
884 2211 944 2233 ve-

302 2272 317 2285 «
332 2255 398 2289 teri
410 2254 592 2300 Bongarsii
607 2252 729 2287 codice
742 2252 947 2299 expositum

304 2307 536 2342 -invenimus
559 2331 570 2348 ,
601 2307 701 2350 nigris
729 2307 911 2338 mendaciis.
928 2320 942 2333 ι

299 2361 355 2394 Ita
369 2359 445 2393 Cas.
456 2360 539 2405 Ipse
549 2367 664 2392 tamen
676 2383 686 2400 ‚
700 2366 735 2391 et
750 2357 810 2391 alii
823 2357 947 2403 legunt

303 2415 433 2447 bullatis
441 2438 452 2452 ‚
466 2412 536 2446 hoc
550 2420 601 2446 est
611 2436 621 2453 ,
636 2411 802 2445 inanibus
811 2435 822 2452 ‚
837 2411 946 2444 instar

302 2466 409 2500 bullae
427 2464 557 2499 inflatis
569 2489 579 2506 ‚
597 2477 679 2498 nam
699 2466 787 2497 bulla
804 2463 947 2511 symbo-

980 831 1058 865 lum
1087 840 1139 866 est
1163 832 1336 866 vanitatis.
1361 833 1479 867 Varro
1496 845 1505 867 :
1530 834 1627 865 Ῐιοιηο

984 887 1072 917 balla
1082 909 1092 922 ,
1113 886 1275 931 ἄνθρωπος
1294 886 1459 932 πομφόλιᾼξ
1470 910 1481 928 ,
1499 885 1537 920 id
1552 895 1603 921 est
1615 910 1626 926 ‚

984 939 1176 983 ματ-πιότης.
1468 979 1470 981 ¹

1033 1002 1089 1023 20.
1115 993 1204 1022 Dare
1222 992 1351 1033 pondus
1378 991 1495 1023 idonea
1505 990 1628 1035 suma]

986 1041 1066 1075 scil.
1082 1042 1210 1088 pagina
1225 1054 1302 1088 quae
1316 1053 1372 1076 res
1384 1041 1479 1076 leves
1493 1041 1628 1076 inanes·

987 1107 1057 1141 que
1069 1095 1217 1138 referat,
1233 1107 1383 1141 quarum
1397 1093 1543 1141 pondus
1556 1106 1629 1129 non

986 1148 1032 1182 sit
1064 1149 1177 1194 majus
1210 1151 1318 1194 quam
1352 1147 1443 1181 sumi
1471 1146 1629 1194 pondus.

988 1200 1103 1234 Graeci
1118 1200 1309 1246 Latinique
1323 1200 1413 1234 levia
1418 1201 1556 1244 fumum
1570 1212 1633 1234 vo-

989 1261 1081 1287 cant.
1102 1253 1254 1286 Locutio
1273 1261 1324 1286 est
1342 1253 1385 1287 ab
1405 1252 1567 1287 Horatio.
1587 1251 1631 1286 C.

1038 1319 1055 1339 2
1065 1318 1091 1339 ι.
1105 1307 1223 1338 Sec-reti
1234 1307 1422 1350 loquimur.]
1435 1305 1580 1339 Sincere
1595 1312 1633 1339 et

988 1366 1111 1391 contra
1128 1359 1256 1391 fastum
1269 1382 1280 1399 ‚
1297 1356 1363 1391 tihi
1377 1369 1442 1404 ego
1458 1357 1525 1391 soli
1538 1357 1635 1391 solus

986 1411 1138 1456 loquor,
1154 1411 1283 1458 hisque
1296 1411 1458 1446 versibus
1474 1423 1549 1444 non
1565 1423 1635 1457 pu-

987 1464 1080 1497 blice
1092 1463 1284 1497 recitandis
1298 1464 1364 1497 tibi
1378 1464 1550 1510 consigno
1563 1463 1637 1497 ani-

988 1516 1037 1549 mi
1052 1516 1123 1550 mei
1137 1528 1272 1549 sensus.
1289 1515 1330 1549 P.

1038 1581 1056 1602 2
1062 1581 1091 1601 a.
1097 1570 1301 1601 Excutienda
1310 1570 1423 1601 damus
1425 1569 1638 1612 praecordia]

990 1620 1161 1667 Adeoque
1179 1620 1324 1654 intimos
1346 1619 1464 1654 cordis
1482 1633 1638 1654 recessus

990 1673 1122 1719 aperio.
1139 1693 1186 1698 —-
1206 1676 1402 1716 Quantaque
1423 1683 1541 1706 nostroe
1557 1686 1640 1717 pars

993 1736 1050 1759 tua
1074 1728 1116 1759 sic
1124 1751 1136 1767 ‚
1160 1735 1218 1758 etc.
1252 1742 1266 1756 ιι
1286 1725 1468 1760 Sententia
1484 1750 1495 1767 ‚
1518 1725 1640 1772 inquit

996 1795 1010 1808 «
1026 1787 1098 1813 vet.
1118 1779 1230 1812 schol.
1253 1791 1272 1812 a
1294 1778 1493 1826 Pythagora
1516 1785 1638 1812 tracta.

997 1848 1011 1862 t
1026 1831 1221 1866 Dimidiam
1235 1831 1437 1877 (hocloco,
1450 1830 1640 1865 maximam
1686 1857 1690 1861 ,

997 1901 1011 1914 ι
1028 1891 1062 1917 et
1074 1884 1274 1928 meliorem)
1285 1883 1409 1918 animai
1421 1896 1491 1917 suae
1501 1890 1642 1929 partem

997 1953 1011 1967 ι
1028 1936 1115 1971 dicit
1129 1937 1331 1971 Cornutum
1341 1962 1351 1979 ,
1367 1944 1408 1970 ut
1420 1936 1544 1970 Horat.
1558 1935 1642 1970 Vir-

998 2006 1012 2019 «
1028 1989 1154 2035 gilium
1166 2014 1176 2030 ‚
1190 1989 1253 2023 lib.
1270 1989 1287 2022 1
1300 2013 1312 2028 ,
1327 1988 1387 2023 od.
1404 1988 1423 2022 3
1435 2014 1444 2029 ‚
1458 2001 1494 2023 v.
1509 1989 1553 2023 8:

1024 2056 1038 2069 α
1051 2044 1089 2072 Et
1103 2052 1202 2072 serves
1214 2042 1320 2072 animae
1332 2041 1494 2071 dimidium
1506 2051 1589 2071 meae.
1601 2054 1616 2068 n

995 2094 1146 2140 Antiqui
1154 2080 1272 2128 autem
1281 2093 1447 2127 dicebant
1453 2092 1643 2126 amicitiam

997 2159 1071 2180 esse
1081 2147 1232 2180 animam
1244 2159 1351 2180 unam
1360 2146 1397 2179 in
1409 2145 1553 2179 duobus
1566 2158 1643 2179 cor·

997 2199 1161 2245 poribus.
1187 2197 1293 2232 Unde
1315 2197 1423 2232 Ovid.
1449 2197 1496 2232 de
1517 2196 1640 2245 Pylad.

1000 2259 1035 2284 et
1047 2251 1162 2284 Orest.
1183 2250 1306 2284 scribit
1322 2263 1331 2283 :

1039 2308 1101 2346 Qui
1113 2308 1174 2337 duo
1187 2308 1367 2348 corporibus
1379 2330 1387 2344 ‚
1401 2307 1553 2337 mentibus
1564 2317 1642 2337 unus

1079 2361 1174 2385 erant.
1460 2357 1496 2384 P.
1508 2362 1539 2385 et
1551 2358 1589 2384 A.
1634 2362 1641 2368 ’

1047 2420 1065 2440 2
1072 2407 1102 2440 3.
1114 2408 1275 2450 cornuta]
1283 2407 1437 2440 Annaeus
1446 2406 1643 2449 Cornutus,

998 2461 1109 2496 Persii
1118 2460 1284 2507 magister
1293 2485 1303 2501 ,
1316 2459 1551 2506 philosophiae
1561 2472 1647 2506 pro-

351 2563 392 2591 V.
412 2571 462 2601 ¹9·
479 2557 622 2591 Pullatis.
636 2557 741 2591 Codd.
756 2558 934 2590 'thuaneus
945 2579 954 2596 ‚
972 2556 1180 2589 Mazarineus
1196 2562 1229 2586 et
1241 2554 1471 2586 Mentellianus
1482 2577 1491 2594 ,
1507 2553 1649 2586 bullatis.

306 2613 385 2645 cod.
401 2613 524 2656 absque
537 2612 689 2652 nomine,
702 2609 743 2643 11⁰
761 2612 850 2653 8274
861 2633 871 2650 ‚
879 2609 1014 2654 pallacis
1023 2620 1034 2640 .·
1047 2616 1080 2641 at
1094 2609 1164 2642 vid.
1177 2619 1248 2652 sup.
1263 2613 1437 2640 comment.
