1846 3184
612 354 625 365 X
669 307 986 359 :SATIRQ
1017 307 1102 353 VI.
1500 309 1583 365 167

291 394 450 436 Infelix
470 391 617 450 pecori
634 405 645 432 :
671 404 847 432 securus
864 399 913 432 et
927 387 1119 447 ,angulus
1142 388 1216 430 ille

288 468 454 521 Vicini,
470 478 623 510 nostro
640 467 744 524 quia
764 465 992 524 pinguior:
1012 474 1056 506 et
1070 464 1107 507 si
1121 462 1233 506 adeo
1251 477 1419 528 omnes⁵

286 545 508 587 Ditesmnt
530 544 616 599 orti
638 542 886 602 pejoribus,
909 556 1047 598 usque
1067 555 1265 584 recusem
1539 545 1582 580 15

287 621 455 663 Curvus
471 621 531 663 ob
547 619 595 662 id
611 619 752 662 minui
767 619 888 661 senio
898 649 911 671 ‚
929 629 1005 660 aut
1021 632 1192 674 coenaoe
1209 617 1304 659 sine
1319 626 1455 658 uncto
1465 647 1480 668 ,

286 696 343 738 Et
364 697 537 755 signum
560 696 608 737 in
629 694 785 753 vapida
808 708 912 735 naso
936 693 1124 751 tetigisse
1148 693 1312 751 lagena.

284 772 509 832 Discrepet
522 772 590 814 his
604 772 726 814 alius.
750 770 957 814 Geminos
971 802 984 824 ,
1003 770 1242 828 horoscope
1254 801 1267 822 ,
1286 784 1389 811 varo

227 917 291 941 ecc.
320 906 369 942 Et
393 918 542 942 securus
556 930 568 948 ,
591 917 723 952 parum
748 916 877 938 curans

228 958 321 1007 quid
330 985 342 1003 ,
354 968 425 995 etc.
434 960 495 994 Ait
506 972 543 993 se
554 968 692 997 tantum
703 958 740 992 in
752 957 875 993 studio

226 1013 373 1048 virtutis
387 1013 599 1060 profecisse,
613 1021 655 1046 ut
671 1020 815 1058 paratus
830 1011 877 1045 sit

227 1065 274 1100 ad
287 1065 597 1113 congrediendum
611 1078 695 1099 cum
709 1066 854 1099 fortuna
863 1088 876 1106 ‚

229 1117 330 1165 quod
343 1118 389 1153 ad
408 1130 496 1165 opes
513 1118 679 1165 pertinet.
691 1118 809 1164 Atque
827 1117 876 1151 ita

228 1169 384 1204 ost-dit
399 1174 509 1219 quim
527 1170 666 1205 alienus
680 1169 727 1204 sit
737 1170 763 1211 fla
780 1168 875 1203 divi-

227 1223 359 1258 tiarum
376 1222 593 1270 cupiditate,
607 1223 752 1257 avaritia
770 1231 806 1256 et
819 1222 875 1255 in·

190 1308 193 1310 ,
225 1275 334 1323 vidia.
343 1297 391 1302 —
398 1280 518 1309 Ausaer
525 1277 644 1319 infelix
649 1278 772 1320 pecori·
783 1276 875 1309 Aus—

227 1338 283 1364 ter
300 1339 431 1365 ventus
447 1329 713 1372 meridionalis,
731 1342 797 1363 suo
815 1341 873 1363 ca-

225 1382 503 1429 lorepecoribus
508 1382 593 1416 noxi
598 1394 652 1425 us;
663 1381 801 1429 quippe
808 1381 874 1428 qui

225 1434 277 1469 eis
306 1435 453 1469 morbos
481 1442 517 1469 et
546 1447 641 1481 sazpe
674 1434 873 1481 perniciem

222 1494 340 1530 'creon
352 1485 505 1535 ideoque
513 1512 524 1529 ‚
537 1487 607 1521 hoc
619 1487 701 1521 loco
713 1512 725 1529 ,
738 1486 874 1521 dicitur

225 1541 364 1575 infelix.
381 1541 421 1576 C.

274 1593 330 1627 13.
350 1597 486 1627 Securus
499 1603 534 1626 et
546 1595 686 1637 angulus
698 1595 753 1626 ille
762 1618 774 1632 ,
790 1591 869 1639 eta]

223 1645 402 1681 Invidiam
428 1659 448 1680 a
473 1658 511 1680 se
533 1646 663 1681 avertit
690 1658 771 1692 quae
798 1646 873 1680 fere

225 1712 345 1735 comes
354 1712 429 1735 esse
439 1701 530 1735 solet
542 1700 696 1734 avaritie
704 1724 716 1742 ‚
726 1708 762 1733 et
771 1704 871 1733 πλεο·

223 1753 341 1794 νιξῖας.
353 1753 515 1787 Lucilius
527 1766 537 1787 ι
551 1754 645 1785 Nulli
653 1765 704 1784 me
719 1753 871 1790 invidere,

225 1817 331 1848 neque
350 1807 533 1838 strabonem
550 1806 633 1850 fieri
653 1806 769 1847 saepius
791 1806 873 1836 deli-

223 1859 280 1897 ciis
294 1871 346 1904 me
361 1859 506 1890 istorum.
525 1858 609 1890 Non
630 1869 719 1891 curo
738 1857 849 1903 igitur
860 1882 872 1898 ‚

225 1909 347 1956 inquit
360 1913 465 1955 poeta
477 1934 489 1949 ‚
503 1909 532 1942 si
550 1909 660 1942 vicini
677 1908 748 1942 mei
760 1921 872 1955 angu-

224 1961 283 1995 lus
300 1970 424 1996 nostro
445 1961 552 2007 longe
571 1961 743 2008 pinguior
762 1970 815 1995 est
836 1969 872 1995 et

227 2014 398 2048 fertilior.
409 2014 454 2048 C.

275 2079 291 2101 ¹
297 2068 330 2101 5.
342 2069 511 2101 Dioescane
519 2069 585 2099 orti
590 2068 781 2111 pejoribus]
790 2067 871 2101 Non

225 2120 362 2156 invidit
374 2121 491 2155 solum
505 2133 609 2155 careo
622 2146 634 2163 ,
649 2120 791 2167 inqustg
809 2119 872 2155 sed

153 2173 157 2175 “
223 2185 269 2207 ne
276 2174 382 2220 justa
395 2172 546 2220 quidem
559 2172 820 2219 indignationis
832 2185 872 2207 ac

222 2227 427 2273 νεμήσεως
454 2239 600 2260 sensum
633 2227 749 2261 habeo
767 2251 777 2263 ‚
806 2227 873 2261 etsi

222 2278 510 2314 videomandari
523 2279 678 2313 bonores
690 2278 848 2326 indignis
860 2302 871 2318 ‚

223 2342 287 2368 aut
303 2333 543 2379 ignobilibus,
559 2333 742 2379 pejoribus
759 2333 848 2367 ortis
861 2358 872 2372 ‚

223 2385 422 2427 libertinis,
435 2385 622 2432 equitibus
634 2386 770 2420 Asianis
778 2411 788 2426 ‚
800 2395 870 2420 etc.

225 2442 380 2482 —Usque
392 2452 546 2478 recusem,
558 2449 616 2472 ecc.
626 2440 672 2472 Et
682 2451 873 2485 nunqnam

225 2489 382 2525 adducar
398 2515 410 2532 ‚
435 2499 477 2525 ut
504 2491 668 2525 dolorem
695 2504 742 2525 ex
766 2504 806 2524 ea
830 2503 870 2524 re

228 2543 346 2577 ullum
358 2544 495 2590 capiam
506 2569 518 2586 ‚
530 2553 566 2578 et
577 2569 589 2584 ‚
607 2552 760 2590 propter
773 2542 869 2577 divi-

226 2597 290 2630 tias
298 2596 548 2642 acquirendas,
555 2597 655 2631 senio
666 2597 741 2629 min
747 2608 821 2629 uar.
830 2595 869 2628 C.

278 2649 331 2692 16.
356 2651 406 2680 Ob
430 2650 491 2695 id.]
519 2649 615 2691 Quia
639 2648 756 2695 quivis
780 2648 870 2682 alius

228 2698 340 2733 ditior
358 2709 494 2739 meest.
506 2722 553 2727 —
564 2703 668 2734 Minui
682 2702 781 2734 senio.
802 2699 870 2733 He-

929 904 1054 939 siodus
1068 918 1078 938 ι
1094 902 1186 950 Αἷψα
1202 904 1265 951 γὰρ
1284 905 1492 947 ἐνμκότητι
1505 905 1581 951 βρο-

930 957 981 992 tei
1008 958 1309 1004 καταγηράσκουσι.
1342 957 1438 991 Nolo
1468 957 1582 1003 igitur

929 1010 1127 1043 senectutis
1139 1006 1370 1044 incommoda
1382 1007 1580 1042 accelerare

928 1074 996 1108 per
1007 1070 1192 1107 susceptos
1202 1060 1295 1095 lucri
1308 1062 1413 1094 causi
1426 1060 1579 1102 labores,

927 1123 965 1149 et
981 1127 1056 1161 prae
1078 1113 1217 1150 invidia
1234 1114 1416 1160 meipsum
1437 1112 1579 1148 discru-

926 1168 1035 1202 ciare.
1055 1166 1165 1202 ovid.
1179 1168 1197 1201 1
1208 1191 1219 1207 ,
1232 1166 1279 1201 dc
1296 1166 1406 1201 Pont.
1423 1166 1513 1212 eleg.
1533 1166 1553 1200 5
1567 1181 1577 1198 :

925 1237 1156 1277 lamvigonet
1170 1236 1446 1277 qnassolanguens
1459 1236 1494 1265 in
1508 1246 1578 1266 eor-

1008 1294 1085 1324 pore
1098 1284 1179 1313 vires

971 1343 1545 1355 ··················

926 1371 1083 1404 confiteor
1095 1359 1196 1412 faeere
1210 1372 1270 1401 boc
1289 1380 1407 1406 annon
1422 1370 1478 1400 sed
1490 1377 1521 1400 et
1533 1369 1578 1399 al-

1010 1425 1074 1448 tera
1089 1427 1179 1448 causa
1194 1423 1259 1453 est,

966 1453 1112 1494 Anxiens
1123 1464 1230 1500 animi,
1239 1462 1466 1504 continuumque
1476 1463 1577 1493 labor.

925 1531 1056 1563 —Sa‘ae
1074 1538 1180 1562 uncto.
1204 1528 1290 1566 Sine
1316 1527 1494 1570 lautitiis;
1516 1536 1551 1561 et
1563 1553 1577 1570 ,

925 1596 1115 1617 avarorum
1135 1595 1258 1624 more,
1275 1582 1436 1616 oleribus
1454 1582 1550 1615 vesci
1563 1607 1576 1623 ,

926 1645 962 1671 et
971 1635 1185 1671 defraudare
1192 1636 1351 1670 Genium
1360 1660 1373 1677 ‚
1385 1643 1428 1669 ut
1435 1634 1579 1669 divitias

925 1689 1123 1724 heredibus
1149 1688 1390 1723 accumulem.
1401 1708 1448 1714 —
1459 1691 1577 1721 Uncto.

925 1742 1145 1783 ELdelicato
1164 1742 1261 1776 cibo.
1282 1745 1319 1776 C·
1337 1750 1373 1776 et
1391 1742 1433 1775 Ρ.

976 1813 1032 1846 17.
1059 1800 1103 1832 Ee
1123 1802 1250 1844 signum
1276 1801 1311 1833 in
1331 1796 1483 1845 ὠαρίᾰα,
1499 1802 1577 1844 στα]

925 1853 1001 1887 Nec
1019 1841 1212 1899 propterca
1234 1852 1356 1889 minus
1377 1852 1578 1887 liberaliter

925 1907 1057 1953 opibus
1076 1906 1306 1947 meirfruar,
1324 1918 1393 1940 nec
1414 1918 1576 1952 unquam

924 1973 1053 1994 avarus
1071 1984 1084 2001 ‚
1112 1959 1225 1996 immo
1252 1957 1424 1993 sordidus
1437 1985 1448 2000 ‚
1472 1958 1572 1992 fiam.

924 2031 940 2045 ι
957 2013 1105 2060 Duplex
1133 2020 1218 2046 nota
1233 2038 1245 2055 ,
1271 2012 1394 2059 inquit
1422 2012 1572 2046 casaub.

928 2083 943 2097 ι
958 2066 1279 2108 minutissimarum
1289 2065 1455 2106 sordium
1464 2078 1576 2112 quam

929 2137 943 2150 ·
958 2120 1023 2158 hic,
1034 2127 1197 2153 recenset
1213 2133 1222 2151 ε
1240 2118 1343 2164 prior
1355 2143 1366 2159 ‚
1385 2118 1574 2164 obsignare

928 2190 943 2204 ι
957 2174 1097 2220 lagenas
1123 2173 1161 2206 in
1188 2172 1323 2218 quibus
1347 2184 1423 2205 non
1444 2171 1574 2204 vinum

928 2243 943 2256 α
958 2228 1003 2260 sit
1013 2252 1025 2268 ‚
1040 2226 1104 2260 sed
1119 2237 1258 2272 vappa;
1273 2223 1313 2258 id
1332 2224 1430 2258 enim
1443 2231 1495 2256 est
1509 2235 1577 2255 va-

928 2298 943 2311 ·
953 2283 1037 2324 Pida
1059 2282 1202 2323 lagena:
1227 2277 1361 2312 deinde
1374 2301 1385 2317 ‚
1405 2278 1491 2310 cum
1515 2288 1574 2309 re-

927 2351 941 2363 ι
955 2331 1139 2378 signandae
1168 2338 1255 2364 sunt
1275 2354 1286 2370 ‚
1316 2338 1416 2363 tanto
1450 2327 1575 2362 studio

927 2403 942 2415 ι
958 2386 1145 2419 observare
1158 2395 1202 2416 an
1218 2383 1355 2427 integra
1366 2381 1439 2414 sint
1453 2381 1553 2427 signa
1562 2406 1575 2424 ‚

928 2455 942 2468 ι
960 2446 1000 2471 ut
1019 2449 1104 2470 naso
1121 2436 1306 2481 contingat
1322 2434 1472 2480 lagenas.
1487 2451 1502 2464 υ
1575 2467 1579 2470 ⁴

977 2490 1031 2523 18.
1067 2490 1234 2530 Discrepee
1267 2488 1317 2519 luis
1351 2487 1465 2533 alius]
1497 2488 1576 2534 Ego

925 2540 1072 2588 quidem
1086 2540 1135 2572 ita
1149 2539 1269 2573 vivere
1279 2539 1385 2573 volo:
1399 2539 1459 2574 alii
1471 2540 1576 2574 aliter

924 2595 1065 2635 vivant,
1081 2592 1171 2629 nihil
1187 2592 1424 2636 contradic03
1440 2594 1471 2627 si
1492 2594 1575 2641 qui·

924 2646 1006 2680 dem
1018 2671 1027 2686 ,
1054 2654 1121 2679 etc.
1131 2647 1356 2686 —Geminos,
1381 2647 1573 2690 homscope,

923 2713 1011 2733 varo
1019 2700 1173 2742 producis
1185 2701 1298 2732 Genio.
1310 2699 1343 2733 Ο
1356 2699 1573 2747 horoscope,
