1846 3184
255 264 310 308 72

608 250 659 290 A.
693 249 942 291 PERSII
985 251 1234 294 FLACCI

312 330 624 387 Censoremque
643 341 766 372 tuum
783 331 850 373 vel
870 332 987 389 quod
996 364 1009 385 ‚
1027 333 1212 374 trabeate
1224 365 1235 385 ‚
1256 333 1408 375 salutas
1424 332 1445 374 Ξ)

312 405 383 447 Ad
398 406 610 463 populum
623 406 830 464 phaleras.
846 408 938 466 Ego
955 419 992 449 te
1005 408 1117 449 intus
1129 440 1140 460 ,
1155 419 1196 450 et
1213 409 1257 449 in
1277 419 1373 450 cute
1390 408 1506 451 novi.
1548 413 1594 448 3ο

310 481 412 523 Non
431 480 563 538 pudet
582 481 635 522 ad
656 496 819 523 morem
835 481 1030 524 discincti
1045 484 1186 525 vivere
1204 483 1358 525 nattae?

312 556 397 599 Sed
417 567 559 616 stupet
578 557 650 599 hic
666 557 772 599 vitio
786 589 797 610 ,
815 568 857 599 et
875 557 992 600 fibris
1011 559 1190 601 increvit
1206 560 1400 617 opimum

302 684 358 716 29.
374 673 604 714 Censoremque
620 681 706 703 tuum
719 695 730 712 ‚
744 671 813 716 eta]
828 671 897 705 Vel
949 672 1022 706 vita
1033 672 1049 705 Ρ
1065 693 1112 699 —-
1132 674 1293 706 Discincti.
1304 698 1326 706 ..
1341 698 1349 705 .

253 733 343 759 'eone
353 724 418 757 tibi
426 724 555 769 placeS,
568 723 666 769 quod
681 733 780 758 ortus
791 736 832 757 ex
842 737 898 770 ge-

252 788 340 811 nere
350 785 485 822 equest.
493 787 676 809 censorem
686 785 791 810 tuum
801 777 899 822 (sup-

252 829 313 877 ple
328 829 538 874 parentem)
555 828 708 861 salutas?
723 829 767 861 In
784 837 898 862 trans-

252 882 417 916 vectione
432 907 442 922 ,
472 878 609 927 equites
642 881 792 921 trabeati
820 893 902 914 cen·

252 946 371 969 sorem
383 935 612 980 praeteribant
630 946 669 968 ac
688 934 899 968 salutabant.

253 987 608 1021 -Trabeate.T1·abea
616 986 680 1020 ind
686 1000 707 1020 u
713 996 755 1020 te.
765 987 901 1021 Trabea

251 1039 391 1085 insigne
415 1040 606 1085 proprium
632 1039 838 1072 consulibus
862 1047 899 1073 et

253 1092 516 1138 magistratibus
537 1117 547 1133 ‚
579 1090 641 1125 sed
674 1092 899 1137 potissimum

253 1145 448 1191 equitibus.
468 1145 520 1178 De
537 1145 607 1178 hoc
623 1145 729 1178 vestis
747 1157 877 1191 genere
888 1169 898 1186 ,

252 1197 326 1233 vid.
345 1196 390 1231 ad
407 1198 541 1231 Juven.
563 1205 627 1230 sat.
642 1197 756 1239 VIII,
772 1211 804 1231 v.
821 1198 897 1231 258.

301 1251 355 1283 3ο.
372 1252 429 1282 Ad
440 1252 596 1293 populum
609 1251 798 1294 phaleras]
816 1249 900 1284 Haec

253 1304 359 1339 verba
370 1303 474 1349 plane
488 1302 751 1337 accommodata
764 1303 808 1336 ad
819 1315 901 1349 pro-

253 1357 435 1402 positum:
454 1356 526 1401 agit
543 1356 639 1389 enim
659 1364 780 1390 contra
799 1357 901 1402 equi-

255 1418 327 1451 tem
353 1410 568 1442 Romanum.
595 1409 750 1442 Phalerae
781 1419 901 1443 autem

254 1471 340 1497 sunt
353 1461 526 1507 equestria
541 1470 758 1495 ornamenta.
772 1461 902 1495 Sensus

255 1527 340 1560 ergo
357 1523 408 1548 est
422 1527 430 1546 :
445 1514 472 1547 si
492 1514 583 1547 nihil
600 1515 725 1555 habes,
743 1527 815 1560 quo
828 1515 901 1560 glo-

253 1567 378 1609 rieris,
400 1576 530 1612 praeter
549 1568 723 1610 phaleras,
749 1567 900 1609 scilicet,

255 1619 351 1656 bona
370 1619 531 1664 corporis
549 1627 610 1652 aut
629 1619 806 1662 fortunae;
823 1619 878 1652 abi
890 1644 900 1660 ‚

256 1679 293 1705 et
311 1671 450 1716 populo
471 1678 532 1704 tua
549 1671 608 1711 illa
632 1671 724 1704 bona
744 1672 894 1717 jactato,

257 1724 396 1770 populo
423 1724 484 1770 qui
501 1749 512 1765 ‚
540 1724 589 1758 ait
617 1724 739 1757 Horat.
762 1724 827 1757 lib.
859 1725 877 1757 I
892 1749 903 1768 ‚

257 1786 319 1813 sat.
342 1779 362 1810 6
376 1801 386 1819 ,
406 1791 441 1811 v.
466 1777 529 1811 15:

264 1859 469 1870 .......
493 1839 624 1874 Stultus,
641 1839 772 1869 honores

257 1887 342 1928 Saepe
354 1884 406 1914 dat
418 1884 550 1927 indignis
559 1907 567 1921 ‚
583 1891 613 1914 et
624 1884 807 1916 famaeservit
818 1884 903 1926 inep-

339 1937 387 1961 tus
398 1954 407 1968 ‚
584 1968 586 1971 .

258 1979 298 2009 Et
312 1984 413 2020 stupet
430 1978 463 2006 in
475 1976 587 2014 titulis,
602 1984 632 2007 et
646 1978 839 2018 imaginihus.
854 2000 861 2008 .
875 2000 882 2007 .
896 2001 903 2008 .

257 2040 382 2080 ——Ego
397 2046 427 2068 te
442 2038 542 2075 intus,
560 2046 593 2068 et
608 2038 641 2068 ιίι
655 2046 725 2068 cute
738 2039 818 2069 novi.
831 2038 905 2083 Ego

257 2088 356 2124 enim
370 2088 453 2122 novi
468 2091 575 2134 quam
591 2088 637 2121 sis
651 2090 821 2121 introrsum
837 2098 905 2121 tur-

254 2143 325 2190 pis,
343 2144 560 2184 nequicquam
576 2141 662 2184 pelle
679 2143 820 2177 decorus,
839 2141 879 2173 C.

308 2193 366 2227 31.
385 2195 458 2226 Non
473 2196 578 2237 pudet
598 2196 646 2226 ad
666 2206 785 2227 morem
799 2219 809 2232 ,
828 2194 898 2242 eta]

259 2246 406 2283 Nihilne
442 2255 479 2281 te
517 2246 633 2294 pudet
673 2247 811 2294 generis
848 2248 903 2280 tui

1376 673 1510 718 aunan]
1540 673 1596 709 Ita

951 726 1097 759 casaub.
1120 743 1133 755 ι
1149 726 1263 759 Nattae
1276 738 1415 772 semper
1428 726 1465 759 in
1482 738 1594 760 mem-

954 795 968 808 ·
983 779 1101 813 branis
1121 803 1135 821 ,Ι
1156 787 1192 812 et
1220 779 1267 813 ita
1300 779 1338 812 in
1367 778 1595 812 Pinariorum

954 848 968 861 ι
984 832 1157 872 nummis,
1171 832 1235 879 qui
1248 833 1316 866 hoc
1329 844 1525 879 cognomen
1539 840 1596 864 tu-

957 900 971 912 «
986 883 1121 916 lerunt.
1132 883 1280 929 Proprie
1293 884 1342 917 sic
1350 883 1523 918 vocabant
1531 881 1596 929 qui

957 953 971 966 α
986 935 1144 969 sordidas
1169 944 1259 972 artes
1288 935 1499 971 exercebant
1519 961 1529 978 ,
1556 942 1598 967 ut

957 1009 971 1021 «
988 990 1142 1023 fullones
1156 1014 1167 1031 ,
1186 998 1222 1023 et
1246 987 1460 1036 βυρσοδέψας.
1485 989 1596 1034 Origo

957 1058 970 1071 α
985 1041 1083 1075 vocis
1095 1041 1217 1075 Graeca
1229 1065 1239 1081 ‚
1255 1049 1297 1075 ut
1315 1041 1433 1075 sciunt
1447 1040 1595 1074 eruditi.

955 1111 969 1124 ι
985 1094 1109 1127 Postea
1124 1093 1167 1127 ad
1185 1094 1345 1127 animum
1363 1093 1575 1127 transtulere
1585 1117 1597 1135 ‚

956 1164 970 1177 «
987 1156 1022 1181 et
1032 1147 1112 1181 vitae
1123 1146 1303 1180 dissolutae
1316 1145 1480 1182 homines
1488 1154 1598 1191 atque

957 1216 970 1228 α
986 1199 1181 1232 inhonestae
1200 1199 1247 1232 ita
1271 1197 1440 1232 dixerunt
1453 1223 1463 1240 ,
1486 1197 1601 1243 qualis

956 1268 969 1281 α
985 1251 1059 1285 fere
1077 1252 1151 1289 vita
1175 1259 1227 1286 est
1244 1251 1387 1297 pullatae
1407 1250 1521 1284 turbae
1533 1274 1544 1291 ,
1564 1257 1601 1284 et

956 1322 970 1335 κ
986 1317 1112 1338 eorum
1140 1317 1232 1350 quos
1261 1306 1428 1336 discinctos
1455 1302 1574 1336 Latini
1588 1326 1601 1346 ²

957 1377 970 1389 «ι
989 1359 1101 1392 Graeci
1118 1359 1264 1397 ἐκλύτους
1278 1365 1478 1392 vocant..·..
1496 1357 1602 1390 Zonae

957 1427 971 1439 u
986 1410 1082 1443 enim
1107 1422 1192 1443 usus
1216 1409 1314 1455 >apud
1341 1417 1480 1442 veteres
1503 1406 1600 1441 indi-

959 1479 972 1492 α
989 1463 1086 1496 cium
1104 1462 1252 1496 faciebat
1277 1461 1472 1496 emendatae
1491 1468 1527 1494 et
1544 1472 1601 1494 so·
1624 1463 1627 1466 ’

958 1532 971 1545 κ
987 1515 1072 1548 briae
1093 1515 1187 1549 vitae.
1205 1531 1219 1544 n
1246 1514 1383 1548 Eodem
1412 1513 1519 1547 modo
1544 1513 1601 1546 in-

954 1575 1172 1613 terpretatur
1193 1567 1350 1600 Turneb.
1368 1566 1514 1600 Advers.
1534 1565 1599 1598 lib.

954 1621 1083 1653 XXIII
1100 1646 1110 1661 ‚
1140 1632 1219 1665 cap.
1256 1620 1298 1653 23
1319 1644 1330 1661 ‚
1362 1627 1602 1665 praeterquam

955 1669 1076 1716 quod,
1097 1682 1164 1716 pro
1188 1679 1307 1708 nattae,
1327 1669 1413 1715 legit
1437 1678 1563 1707 παι-ιιι»,
1581 1680 1602 1702 a

957 1723 1050 1763 νάκος
1062 1748 1070 1760 ,
1086 1723 1189 1769 pellis
1205 1735 1288 1756 cum
1304 1735 1369 1756 suo
1385 1722 1460 1768 pilo
1474 1735 1482 1754 :
1501 1721 1604 1767 quasi

957 1784 1093 1809 veteres
1122 1775 1176 1808 his
1204 1773 1380 1820 designari
1406 1772 1605 1807 voluissent

955 1828 1140 1861 hominem
1159 1827 1314 1872 pellibus
1332 1838 1416 1859 cum
1434 1825 1516 1871 pilis
1533 1836 1602 1871 pro

955 1878 1603 1926 vestibusindutum,ideoquenaccam,

956 1933 1140 1971 hominem
1155 1945 1197 1967 ex
1212 1932 1336 1967 infima
1351 1932 1466 1978 plebe.
1479 1932 1535 1965 Ex
1547 1931 1604 1966 his

958 1986 1078 2032 colligi
1109 1994 1228 2032 potest
1264 1997 1396 2018 nomen
1431 1994 1531 2017 nattae
1564 1984 1604 2019 in

959 2048 1079 2075 mente
1089 2041 1204 2084 poetae
1215 2039 1323 2073 fuisse
1332 2050 1404 2071 non
1413 2037 1604 2084 proprium

960 2091 1074 2124 cuivis
1105 2092 1266 2124 Romano
1282 2115 1293 2132 ‚
1318 2089 1379 2124 sed
1410 2101 1603 2124 commune

956 2144 1123 2177 omnibus
1138 2144 1201 2190 qui
1217 2142 1422 2177 dissolutam
1439 2143 1603 2176 viverent

955 2197 1077 2230 vitam.
1105 2195 1193 2229 Ideo
1220 2208 1285 2242 per
1311 2209 1333 2228 n
1358 2194 1603 2239 minusculum

954 2247 1047 2281 illud
1061 2246 1292 2285 scribendum
1305 2246 1476 2293 judicavi.
1495 2247 1535 2279 A.

258 2300 484 2338 nobilitatem
503 2294 690 2338 inhonesta
712 2300 903 2350 inquinare
966 2348 970 2351 ἢ
1003 2300 1059 2334 32.
1076 2302 1140 2336 Sed
1147 2309 1252 2345 stupet
1262 2301 1314 2332 hic
1324 2299 1429 2344 vitia]
1448 2298 1493 2332 In
1505 2298 1601 2345 pari-

305 2408 348 2436 V.
375 2416 431 2446 29.
456 2406 697 2448 Censoremque.
716 2408 792 2437 Vet.
815 2406 918 2437 schol.
943 2406 1047 2438 Codd.
1070 2406 1293 2443 Mami-inens,
1312 2407 1496 2443 Puteanus,
1514 2408 1602 2437 Fau-

262 2460 378 2498 chefii,
392 2460 539 2492 Colhert.
552 2462 598 2498 ΙΙ,
613 2461 702 2502 8049
711 2483 720 2499 ,
731 2467 762 2491 et
774 2467 837 2491 tres
849 2460 924 2498 alii,
939 2470 1144 2490 censoremve.
1158 2459 1368 2496 Casaubonus
1382 2470 1603 2500 censoremneg

262 2524 335 2555 quae
354 2514 451 2544 lectio
475 2513 563 2555 apud
584 2502 712 2544 nullum
737 2513 812 2544 cod.
836 2513 1020 2544 invenitur:
1036 2524 1096 2556 ego
1111 2523 1189 2544 vero
1209 2523 1432 2553 censoremque
1449 2504 1603 2554 praefero}

264 2576 332 2612 quo
347 2567 434 2596 enim
445 2588 454 2603 ,
469 2572 507 2597 ut
519 2563 719 2598 ait‘Ca'saub.
739 2566 861 2608 duplex
878 2565 1098 2607 disjunctiva?
1115 2565 1197 2609 Cod.
1218 2571 1348 2603 noster,
1364 2576 1602 2610 censoremque2

309 2621 354 2654 V,
380 2620 498 2655 Nattae.
516 2620 631 2653 Nactae
647 2631 709 2667 pro
727 2627 828 2655 nactae
845 2619 968 2655 habent
987 2619 1162 2662 nonnulli,
1177 2626 1209 2650 et
1225 2618 1299 2654 cod.
1317 2625 1441 2655 noster,
