1846 3184
251 270 330 315 180

583 273 634 314 A.
677 272 927 316 PERSII
969 275 1225 317 FLACCI

293 354 414 411 Quid
428 354 647 413 reliquum
667 355 761 398 est?
777 356 1030 415 Reliquum!
1048 357 1200 410 Nunc,
1217 373 1334 400 nunc
1349 359 1588 417 impensius

409 447 547 490 unge,

294 508 438 567 Unge,
461 524 593 566 puer,
616 509 771 550 caules.
792 509 906 551 Mihi
927 510 1034 552 festa
1053 512 1151 553 luce
1173 523 1387 570 coquatur

292 583 462 637 Urtiea,
489 595 532 626 et
556 583 652 625 fissa
674 584 894 626 fumosum
919 586 1107 644 sinciput
1130 603 1262 641 aure;
1538 607 1583 640 7⁰

290 661 351 701 Ut
374 671 475 701 tuus
499 660 577 701 iste
602 675 734 717 nepos
759 660 863 702 olim
888 672 1004 703 satur
1025 664 1182 705 anseris
1206 665 1333 718 extis,

233 796 310 842 Ego
320 807 405 829 vero
415 820 424 837 ‚
440 793 488 842 ita
500 788 594 828 lianc
603 794 764 840 phrasim
775 795 884 828 inter-

231 857 356 895 pretor
375 860 383 880 :
405 849 488 880 cum
510 846 750 881 hereditatem
768 860 884 882 meam

232 901 433 948 possidebis
460 902 543 935 vive
569 910 611 934 ut
639 902 738 935 voles
761 914 768 933 :
798 902 885 935 hinc

232 958 339 990 senus
362 964 487 1002 augeat
516 955 659 990 divitias
685 964 787 997 tuas,
810 957 887 988 hinc

232 1011 359 1049 wirne,
383 1010 489 1051 tolle,
510 1010 611 1043 auser
639 1017 805 1056 sumptus
828 1009 883 1042 ni-

230 1062 322 1096 mios
332 1088 342 1103 ‚
357 1070 392 1096 et
407 1061 507 1096 dives
522 1063 600 1096 eris.
614 1063 792 1096 Nonnulli
806 1063 882 1096 haec

230 1116 362 1150 volunt
387 1115 458 1149 dici
483 1117 526 1150 ab
552 1129 656 1150 avaro
674 1115 882 1162 heredipeta

230 1169 372 1215 parenti
391 1181 458 1203 suo
471 1169 654 1204 avaritiam
672 1169 837 1203 suadenti
849 1178 884 1204 et

231 1221 389 1256 dicenti:
408 1234 485 1255 rem
510 1221 635 1256 fenore
661 1221 805 1269 duplica
818 1248 828 1264 ‚
849 1231 885 1257 et

231 1275 350 1308 exime
362 1283 530 1321 sumptus
542 1283 623 1308 tuos
633 1301 643 1318 ,
655 1283 695 1308 ut
703 1275 886 1309 bonorum

231 1337 381 1363 tuorum
397 1330 512 1375 major
524 1341 606 1375 pars
627 1329 765 1362 eveniat
780 1329 884 1362 mihi.

230 1381 343 1424 Male,
359 1394 440 1415 meo
456 1381 609 1428 judicio.
629 1383 668 1414 A.

279 1437 338 1469 68.
363 1437 450 1478 Quid
465 1438 625 1478 reliquum
646 1436 739 1481 est.›’]
758 1436 886 1482 Inquit

230 1498 372 1523 avarus.
408 1488 605 1530 Quomodo
641 1502 716 1522 rem
755 1502 884 1535 augere

230 1542 380 1588 possim,
388 1543 473 1575 cum
483 1541 573 1575 nihil
585 1542 673 1575 mihi
683 1542 884 1589 relinquas?

233 1599 401 1630 Commeat
415 1599 638 1641 ‘voulez-‘vous
655 1610 718 1639 que
729 1599 768 1641 je
786 1598 885 1629 m'en-

233 1651 362 1683 riclzisse
379 1660 413 1683 et
423 1664 492 1694 par
509 1653 539 1683 Ie
556 1663 735 1683 commerce
746 1676 756 1688 ,
775 1660 809 1683 et
817 1664 886 1694 par

231 1704 440 1742 l'e'conomie‚
461 1705 489 1736 si
513 1716 599 1736 ‘vous
627 1717 668 1736 ne
697 1716 752 1736 me
775 1705 886 1736 Iaissez

233 1758 328 1788 rien?
344 1755 514 1790 Ostendit
539 1758 648 1803 quam
672 1756 717 1789 sit
735 1755 885 1790 aviditas

232 1810 395 1855 pecuniae
414 1835 424 1851 ‚
448 1810 581 1844 vitium
613 1810 820 1844 insanabile.
837 1831 885 1836 -

232 1865 425 1905 Reliquum!
442 1863 520 1896 Hoc
540 1876 623 1896 cum
643 1876 770 1910 magna
787 1862 885 1897 indi-

233 1916 404 1962 gnatione
413 1915 618 1962 legendum.
627 1919 792 1949 Comma-nt
800 1918 887 1949 rien!

233 1971 366 2008 Allons,
376 1970 521 2013 enfants,
536 1972 639 2002 allans
649 1980 708 2002 ccc.
718 1971 792 2016 Age
801 1995 811 2011 ‚
822 1970 886 2003 he-

236 2035 308 2064 res,
319 2022 489 2069 deinceps
499 2036 622 2056 curam
632 2023 725 2057 hanc
736 2024 887 2057 eximam

238 2075 472 2109 tibh—Nunc
480 2102 491 2115 ‚
509 2089 596 2108 nunc
609 2078 779 2119 impensius
792 2089 886 2120 unge.

237 2128 395 2171 Quando
412 2128 520 2163 video
538 2128 678 2163 divitias
697 2141 792 2162 meas
808 2129 888 2174 plu-

237 2181 288 2215 ris
297 2194 315 2214 a
328 2189 363 2215 te
372 2181 451 2216 fieri
463 2185 573 2228 quam
582 2194 740 2215 amorem
753 2193 888 2223 meum,

238 2234 331 2268 nihil
362 2234 515 2281 impedit
551 2235 640 2281 quin
678 2234 823 2281 largiter
853 2242 890 2268 et

241 2287 434 2321 commode
449 2288 584 2322 vivam.
603 2289 647 2321 A.

289 2337 349 2380 69.
367 2339 473 2380 Unge,
482 2348 586 2379 puer,
601 2336 730 2379 caules.]
745 2338 887 2379 Ungere,

935 796 996 830 hic
1013 792 1226 832 Graecorum
1239 800 1416 837 λιπαίνειν,
1435 808 1478 833 ut
1492 801 1588 846 ἐλαίῳ

935 851 1092 884 λιπαίνειν
1100 853 1218 896 μᾶζαν,
1229 851 1537 899 apudSynesium·
1546 854 1587 887 C.

937 921 984 927 ——
999 904 1120 934 Caules.
1134 901 1261 936 Posuit
1276 906 1401 943 caules,
1412 917 1482 950 pro
1496 917 1587 951 quo-

938 954 992 988 vis
1011 954 1146 989 edulio.
1162 955 1287 990 Horat.
1303 956 1365 990 lib.
1380 957 1420 991 11
1432 982 1443 999 ,
1459 966 1525 999 sat,
1541 958 1560 991 3
1576 971 1584 990 :

937 1014 1059 1053 Ungere
1079 1014 1105 1043 si
1124 1014 1224 1044 caules
1244 1015 1315 1044 oleo
1333 1014 1460 1046 meliore
1479 1023 1588 1056 caput-

1019 1072 1080 1101 que
1399 1068 1407 1072 ”

935 1108 1068 1148 Coeperis
1073 1130 1387 1139 ...........
1398 1114 1419 1138 '.
1442 1132 1450 1139 .
1471 1112 1504 1140 Ρ.

937 1188 983 1193 —
996 1169 1078 1200 Mihi
1089 1168 1181 1211 festiz‘
1208 1170 1280 1201 luce
1304 1178 1474 1212 coquatur.
1500 1168 1586 1204 Scil-

939 1220 1027 1253 mihi
1043 1220 1222 1267 praediviti
1236 1222 1350 1256 urtica
1363 1231 1569 1269 apponetur
1578 1247 1590 1264 ‚

940 1273 1075 1307 durum
1086 1282 1122 1307 et
1135 1284 1270 1320 agreste
1281 1275 1361 1309 olus
1371 1300 1382 1317 ‚
1393 1283 1427 1309 et
1442 1275 1592 1322 quidem

940 1326 998 1360 die
1007 1327 1113 1368 sesto,
1122 1328 1209 1361 meis
1219 1328 1411 1369 natalibus,
1419 1337 1454 1362 et
1465 1329 1595 1375 exigua

939 1382 1061 1427 portio
1070 1382 1212 1428 porcini
1223 1383 1403 1429 capitis‚in
1416 1383 1518 1417 sumo
1527 1396 1594 1430 per

941 1447 1063 1468 aurem
1089 1437 1307 1481 perforatam
1332 1437 1496 1483 suspensi
1515 1462 1525 1478 ‚
1550 1445 1593 1471 ut

936 1487 1034 1521 filius
1048 1496 1131 1522 tuus
1144 1488 1330 1523 abdomini
1345 1502 1410 1523 suo
1424 1498 1459 1524 et
1469 1490 1591 1524 ventri

938 1541 1113 1582 serviens,
1125 1550 1180 1575 etc
1191 1540 1206 1573 Ρ
1216 1554 1290 1575 non
1302 1542 1351 1576 ita
1363 1555 1447 1576 sane
1456 1543 1536 1576 erit.
1546 1542 1590 1576 Ass

987 1606 1045 1640 7⁰·
1077 1597 1210 1638 Urtica.]
1238 1594 1357 1629 Herba
1380 1595 1460 1629 vilis
1476 1620 1486 1636 ,
1510 1595 1591 1629 satis

937 1655 1037 1681 nota.
1047 1650 1146 1679 -Et
1161 1649 1244 1693 fissa
1261 1647 1430 1691 fitmosum
1454 1649 1596 1691 sinciput

937 1712 1028 1732 aure.
1039 1699 1238 1733 Porcinum
1249 1699 1426 1734 videlicet.
1436 1701 1590 1744 &tic-ipat.

937 1753 1022 1786 Pars
1044 1754 1201 1787 anterior
1221 1753 1358 1800 capitis.
1378 1755 1422 1788 In
1447 1754 1590 1788 satirico

938 1807 1074 1841 Arbitri
1087 1819 1095 1839 τ
1113 1809 1215 1840 Simul
1218 1820 1370 1851 pannum
1384 1809 1424 1840 de
1436 1809 1591 1840 carnario

938 1862 1055 1893 detulit
1066 1861 1190 1904 furca,
1207 1862 1240 1893 in
1265 1874 1331 1904 quo
1342 1860 1434 1904 saba
1454 1870 1528 1893 erat
1546 1862 1596 1893 ad

941 1927 1030 1946 usum
1045 1916 1183 1957 reposita
1192 1939 1203 1953 ,
1224 1923 1257 1946 et
1271 1914 1425 1958 sincipitis
1442 1915 1593 1947 vetustis-

939 1969 1020 2000 sima
1033 1969 1222 2011 particula,
1242 1959 1330 2000 mille
1340 1969 1452 2011 plagis
1468 1969 1591 2000 delata.

940 2022 1026 2054 Mox
1043 2034 1051 2053 ε
1069 2025 1154 2054 Dum
1167 2023 1224 2054 illa
1241 2021 1348 2054 carnis
1365 2023 1462 2053 etiam
1469 2023 1593 2064 paulu·

941 2075 1007 2105 lum
1026 2074 1167 2111 delibat,
1186 2082 1220 2105 et
1241 2074 1410 2116 cooequale
1433 2073 1592 2104 natalium

941 2138 1070 2157 suorum
1087 2127 1227 2169 sinciput
1242 2128 1275 2158 in
1294 2125 1592 2172 carnariumfurca

943 2178 1089 2219 reponit,
1101 2176 1220 2219 fracta
1239 2186 1288 2208 est
1298 2177 1402 2219 putris
1418 2177 1508 2208 sella.
1526 2174 1568 2209 C.

992 2241 1046 2274 7¹·
1073 2232 1115 2260 Ut
1132 2238 1204 2261 tuus
1228 2231 1284 2261 iste
1309 2230 1430 2272 nepos]
1448 2228 1569 2274 Nepos
1584 2252 1594 2267 ‚

943 2281 1110 2327 ambigue
1129 2289 1164 2314 et
1185 2281 1372 2327 ingeniose
1390 2280 1490 2314 dixit.
1503 2280 1595 2314 Nam

944 2347 1058 2381 nepos
1071 2333 1248 2380 significat
1262 2346 1375 2367 unum
1389 2346 1409 2367 e
1422 2334 1575 2380 posteris
1585 2359 1595 2376 ,

287 2455 330 2485 V.
348 2454 405 2485 68.
423 2452 541 2492 Nunc,
560 2464 648 2485 nunc
670 2453 841 2496 impensius
861 2464 956 2496 unge.
971 2452 1120 2485 Colbert.
1140 2454 1156 2484 1
1179 2459 1211 2483 et
1231 2454 1280 2483 111
1300 2453 1459 2483 Mazarin.
1481 2463 1591 2491 nunc,

244 2517 332 2537 nunc
340 2506 416 2549 jam
423 2506 557 2549 pensius
575 2518 667 2550 unge.
683 2506 765 2539 Cod.
778 2513 892 2537 noster
906 2513 939 2536 et
955 2503 1034 2545 alii,
1050 2516 1137 2535 nunc
1148 2527 1159 2545 ‚
1178 2515 1266 2535 mmc
1284 2504 1464 2546 impensius.

291 2578 334 2606 V.
353 2576 410 2617 69.
429 2577 604 2618 coquatur.
625 2577 731 2609 Codd.
747 2587 880 2615 omnes,
898 2578 1071 2614 Puteano,
1089 2574 1223 2607 Colbert
1242 2576 1294 2605 ΙΙΙ
1306 2597 1316 2614 ,
1335 2581 1367 2605 et
1391 2574 1499 2605 tribus
1522 2575 1595 2606 aliis

248 2631 409 2671 exceptis,
419 2630 545 2662 habent
557 2638 722 2672 coquetur.
736 2630 819 2662 Cod.
834 2641 968 2672 quoque
979 2636 1107 2667 noster,
1119 2635 1297 2670 coquatur,
1311 2639 1410 2670 quam
1417 2629 1597 2660 lectionem

244 2683 453 2724 praetulimus
467 2707 477 2724 ,
497 2690 614 2729 utpote
630 2695 705 2729 quae
722 2684 824 2731 magis
843 2683 1023 2717 concordet
1040 2693 1117 2718 cum
1134 2682 1251 2715 ordine
1269 2693 1307 2714 ac
1325 2682 1407 2714 serie
1423 2682 1561 2725 phrasis.
