1846 3184
283 303 368 348 282
517 308 566 349 C.
605 307 898 351 LUCILII
934 309 1382 356 FRAGMENTA

890 394 926 430 V
934 394 954 430 Ῑ
965 395 984 431 1
997 395 1029 431 Ι.

334 454 438 491 Tum
456 454 656 506 ephebum
674 456 887 507 quemdam
901 486 912 504 ,
934 471 1055 509 quem
1070 468 1212 499 vocant
1229 469 1467 513 parectaton.

910 524 934 559 1
944 524 995 560 X.
1050 551 1055 554 >

331 586 532 634 Purpureo
551 585 659 622 tersit
678 593 771 623 tuuc
788 585 884 623 latas
901 580 1069 639 gausape
1088 601 1252 627 mensas.

935 652 987 688 X.

335 714 471 750 Proras
491 712 704 751 detundete
725 699 765 751 et
782 713 998 766 despoliate
1015 716 1201 768 guberna.

801 853 864 864 m
867 854 1110 866 mmm

449 942 542 985 EX
579 941 802 987 LIBRO
840 943 976 987 XXI
1016 943 1458 998 SATIRARUM‚

779 1060 907 1101 Nihil
928 1070 1121 1118 superest.
1352 1045 1354 1047 V

798 1211 1042 1223 mmm
1046 1212 1105 1223 §0¹-

423 1307 520 1351 EX
559 1307 782 1353 LIBRO
818 1303 1005 1353 XXII,
1026 1309 1477 1356 SATIRARUM.

934 1427 968 1462 I.

333 1516 955 1525 ........................
978 1491 1160 1538 Mercede
1180 1505 1268 1543 quae

328 1552 542 1591 Conductae
562 1552 659 1591 flent
678 1554 808 1591 alieno
829 1553 870 1591 in
888 1553 1024 1596 funere
1044 1555 1207 1604 praeficae
1221 1584 1231 1601 ‚

319 1618 448 1656 Multo
460 1647 470 1664 ‚
492 1626 533 1656 et
552 1618 718 1670 capillos
736 1618 950 1665 scindunt3
969 1615 1010 1656 ei
1029 1618 1200 1656 clamant
1219 1619 1354 1670 magis.
1381 1653 1384 1657 ,
1412 1626 1429 1642 ·

918 1685 936 1720 Ι
949 1685 981 1721 Ι.

321 1749 454 1786 Servu'
474 1761 603 1799 neque
621 1748 768 1786 infidus
786 1747 948 1787 domino
961 1776 972 1794 ‚
991 1761 1121 1799 neque
1136 1748 1282 1786 inutili’
1297 1747 1515 1800 quoiquam

324 1813 479 1850 LuceilI
495 1813 706 1851 columella
724 1813 815 1859 heic
830 1812 917 1851 situ’
933 1808 1231 1864 Metrophanes(

905 1880 954 1916 ΙΙ
966 1879 998 1915 Ι.

319 1941 523 1993 Zopyrion
540 1942 662 1980 labias
681 1942 839 1980 discidit
858 1951 1074 1994 utrumque
1093 1950 1263 1980 secutus.

906 2009 926 2045 I
938 2009 987 2045 V.
1380 2044 1387 2046 ,

317 2073 466 2109 Nasum
481 2071 618 2109 rectiu’
635 2084 742 2109 nunc
756 2071 909 2110 homini
928 2080 1007 2119 est,
1028 2085 1127 2111 surae
1148 2085 1221 2110 nec
1242 2071 1364 2123 pedes
1379 2070 1470 2109 dici.

269 2238 323 2259 nes
351 2226 433 2258 dicti
455 2232 535 2257 sunt
549 2248 558 2264 ,
581 2225 660 2267 quia
682 2225 863 2256 mendaciis
885 2231 919 2256 et
970 2225 1061 2268 apud
1074 2232 1228 2263 ¹veteres,
1248 2236 1324 2267 quae
1345 2225 1497 2257 adhiberi
1518 2226 1626 2257 solent

265 2280 394 2311 astutiis
414 2278 484 2310 suis
505 2277 665 2310 nebulam
687 2278 866 2320 quamdam
885 2285 919 2310 et
970 2278 1083 2309 funeri
1097 2279 1248 2310 mercede
1262 2279 1455 2325 condinae,
1468 2285 1507 2310 ut
1517 2285 1552 2310 et
1566 2278 1627 2311 fle-

263 2332 415 2364 tenebras
435 2331 606 2374 objiciant.
707 2344 715 2349 ··
973 2337 1048 2362 rent
1056 2353 1066 2369 ‚
1075 2332 1116 2361 >et
1130 2331 1227 2362 fortia
1240 2331 1324 2362 facta
1337 2331 1521 2362 laudarent.

312 2388 346 2418 8.
372 2386 504 2418 Nonius
518 2397 527 2417 :
544 2385 709 2417 Panctati
723 2379 781 2424 lfi,
793 2385 854 2427 qui
872 2384 913 2416 de
1015 2395 1049 2416 2.
1067 2385 1220 2426 Donatus
1230 2406 1240 2422 ,
1252 2384 1289 2414 in
1301 2383 1498 2415 Phormion.
1509 2390 1573 2415 act.
1588 2386 1605 2416 1
1615 2407 1626 2423 ‚

261 2439 406 2483 pueritia
424 2439 566 2471 veniunt
585 2439 631 2482 qd
650 2438 877 2485 pubertatem„
894 2449 915 2470 a
967 2448 1015 2470 sc.
1027 2438 1047 2470 5
1058 2447 1067 2469 ε
1083 2437 1401 2476 Cblumemculmen,
1409 2448 1453 2468 an
1463 2437 1623 2475 columen,

262 2495 379 2525 Graeco
392 2491 596 2524 vocabulum
610 2499 796 2534 sumptum.
967 2491 1144 2531 columm.'
1151 2490 1249 2523 Unde
1261 2486 1446 2531 ,co'lumellae
1461 2490 1553 2533 apud
1567 2501 1625 2522 ve·

311 2557 344 2585 9.
372 2545 559 2577 Priscidnus
570 2568 580 2584 ‚
598 2545 658 2576 lib.
680 2535 730 2579 IX
745 2557 752 2577 :
767 2541 878 2583 'Ter-sl,
896 2557 917 2577 a
969 2544 1150 2577 teresdicti
1163 2544 1250 2576 servi
1261 2543 1394 2587 majoris
1409 2543 1541 2582 domus.

262 2603 384 2640 tergeo.
1015 2600 1049 2631 3.
1065 2598 1215 2631 Nonius:
1228 2588 1334 2630 Rab'ia
1344 2621 1356 2636 ,
1372 2609 1510 2631 rursum
1523 2598 1619 2645 femi-

312 2662 365 2681 10.
387 2653 514 2684 Marius
533 2652 754 2691 Victorinus,
766 2652 827 2683 lib.
847 2654 875 2685 1.
966 2653 1041 2686 nini
1057 2652 1197 2696 generis.

310 2716 342 2736 x.
370 2705 524 2738 Nonius:
549 2707 695 2752 Praeficae
717 2705 914 2740 dicebantur
1013 2705 1620 2754 4.Nonius:Nasum,neutrigeneris,
