1846 3184
292 290 347 332 68

631 292 685 332 A.
730 290 975 332 PhRSII
1024 291 1275 333 FLACCI

346 371 481 429 Nigra
498 371 616 429 quod
634 372 775 413 infusa
791 383 987 414 vanescat
1005 373 1120 430 sepia
1141 373 1315 431 lympha
1335 389 1346 425 ;

347 449 514 490 Dilutas
534 449 730 506 queritur
749 450 936 507 geminet
948 449 1075 506 quod
1093 448 1234 490 fistula
1252 460 1404 507 guttas.

349 525 387 566 O
406 525 557 566 miser!
579 525 712 582 inque
731 524 843 577 dies,
861 525 973 566 ultra
991 525 1119 566 miser
1135 526 1143 566 !
1162 525 1343 566 huccine
1360 538 1504 565 rerum

1588 526 1629 563 15

347 599 588 641 Venimus?
606 603 663 641 At
678 615 754 641 cur
772 615 863 642 non
878 601 1021 658 potius
1033 633 1044 654 ‚
1065 611 1301 657 teneroque
1318 600 1548 658 palumbo,

350 676 405 716 Et
426 676 575 716 similis
595 691 746 733 regum
767 675 933 732 pueris,
953 690 1140 733 pappare
1157 675 1374 716 minutum

350 752 492 793 Poscis
506 784 517 805 ,
535 763 578 793 et
600 746 732 793 iratus
758 766 953 793 mammae
976 752 1121 794 lallare
1143 766 1310 794 recusas
1329 749 1348 791 Ρ

340 904 355 925 1
363 891 395 924 3.
405 893 509 935 M‘gra
518 893 608 934 quod
614 891 732 934 infusa,
742 889 811 935 eta]
825 888 934 923 Modo

291 944 507 991 querebatur
521 943 618 990 quod
635 950 871 977 atramentum
884 942 937 974 ni-

290 998 357 1030 mis
372 997 522 1043 spissum
536 1005 624 1030 esset
637 1009 646 1038 ;
661 998 732 1043 jam
745 993 832 1028 dicit
842 991 936 1028 dilu-

291 1052 362 1084 tius
373 1063 446 1084 esse
459 1058 607 1096 propter
620 1049 774 1082 infusam
786 1060 914 1094 aquam
924 1072 935 1089 ‚

289 1110 327 1135 et
352 1103 566 1148 scripturam
593 1114 665 1135 non
693 1113 878 1147 apparere.
888 1119 935 1125 ·—

289 1159 395 1200 Sepia.
414 1156 648 1203 Metonymia.
669 1172 683 1185 ι
697 1155 837 1201 Sepiam
849 1179 859 1195 ‚
878 1154 935 1187 in·

293 1226 307 1238 α
324 1209 403 1255 quit
421 1217 491 1243 vet.
514 1209 626 1242 schol.
653 1221 719 1255 pro
738 1215 936 1242 atramento

293 1279 307 1291 «ι
323 1275 340 1295 a
361 1262 481 1296 colore
502 1262 625 1308 posuit
643 1274 651 1295 :
676 1261 838 1307 quamvis
861 1272 936 1293 non

293 1332 307 1344 ει
323 1328 365 1349 ex
384 1328 423 1349 ea
434 1340 444 1357 ‚
461 1323 502 1348 ut
521 1315 618 1356 Afri,
638 1314 699 1348 sed
723 1327 768 1348 ex
785 1313 936 1359 fuligine

293 1383 308 1397 ι
323 1368 439 1402 caeteri
453 1367 644 1401 conficiant
655 1374 903 1400 atramentum.
919 1381 933 1394 ι

341 1430 394 1466 14.
417 1426 546 1458 Dilutas
568 1426 749 1468 queritur.]
767 1424 849 1457 Non
871 1422 937 1456 alia

286 1486 345 1512 est
367 1477 533 1524 querela,
547 1479 607 1511 sed
632 1478 782 1511 effectus
803 1488 935 1523 praece-

291 1530 422 1566 dentis.
432 1530 542 1564 Addit
554 1529 672 1576 quod,
684 1526 835 1577 propter
844 1529 937 1562 effu-

290 1596 366 1618 sam
385 1596 512 1630 aqnam
524 1609 535 1626 ‚
552 1582 639 1617 adeo
663 1581 842 1629 liquidum
869 1583 938 1616 fac-

308 1649 371 1670 um
381 1637 426 1670 sit
439 1644 694 1676 atramentum,
708 1643 749 1668 ut
761 1646 940 1682 papyrum

292 1689 470 1731 maculet,
490 1689 638 1723 uberius
659 1687 810 1722 effluens
832 1689 940 1733 quam

290 1755 359 1789 par
377 1742 652 1775 sin—Geminae
676 1748 798 1773 autem
816 1747 937 1786 guttas

294 1795 462 1835 calamus,
473 1795 556 1827 cum
565 1792 739 1840 liquidius
749 1800 783 1826 et
793 1791 939 1825 uberius

294 1842 605 1883 fluia-Fistula&
618 1845 735 1889 δόναξ,
751 1848 765 1880 ὁ
779 1846 939 1892 κάλαμος,

291 1902 392 1939 idem
409 1914 448 1935 ac
466 1901 632 1935 calamus.
648 1899 686 1932 C.
699 1907 734 1932 et
745 1900 785 1932 A.

347 1974 362 1995 ι
370 1960 402 1994 5.
415 1962 556 1993 Haecine
566 1964 672 1992 rerum
683 1959 867 2001 vettimztse’]
877 1957 942 1990 Eo-

296 2027 342 2049 ne
364 2013 494 2047 ‘recidit
516 2024 595 2058 spes
620 2023 729 2057 quam
753 2009 798 2043 de
825 2018 861 2043 te
880 2022 941 2055 pa-

298 2075 417 2102 rentes
438 2075 475 2100 et
500 2065 657 2111 magistri
679 2061 942 2109 conceperant?

298 2119 419 2167 inquit
436 2117 686 2165 philosophus.

350 2181 403 2213 16.
415 2182 444 2211 T
439 2190 599 2220 eneroque
605 2174 784 2220 palumbo]
797 2175 944 2207 Norunt

301 2244 424 2266 omnes
443 2238 573 2278 quanta
592 2242 675 2263 cum
694 2227 879 2262 sedulitate
898 2227 944 2260 ali

301 2286 430 2320 debeat
441 2284 633 2331 palumlms
642 2309 652 2325 ‚
667 2283 731 2329 qui
744 2283 871 2315 natura
883 2283 945 2314 sua

301 2340 419 2374 mollis
433 2347 468 2372 et
482 2336 655 2372 delicatus
674 2345 738 2370 est.
757 2333 946 2367 Palumhos

303 2394 466 2438 impenso
492 2389 613 2424 studio
642 2389 713 2422 viri
739 2395 774 2421 et
804 2386 943 2420 feminae

305 2445 391 2478 olim
424 2443 562 2478 alebant
575 2455 586 2485 ς
618 2439 718 2488 quod
753 2452 795 2473 ex
828 2438 945 2471 Theo-

305 2497 441 2543 phrasti
453 2494 685 2530 caracteribus
693 2518 701 2533 ‚
712 2505 753 2526 ex
765 2492 948 2531 Athaeneo,

307 2558 343 2583 et
368 2549 444 2584 aliis
464 2555 615 2582 constat.
640 2546 781 2581 Persius
805 2552 947 2585 autem,

986 889 1145 924 hocloco
1155 915 1164 931 ,
1178 890 1322 923 mollem
1329 889 1588 924 institutionem
1598 897 1635 923 et

988 942 1254 988 voluptuariam
1275 941 1440 985 denotat,
1460 943 1573 989 qualis
1592 955 1634 977 ea

990 1004 1042 1029 est
1063 1008 1171 1042 quam
1197 996 1394 1033 πλουσιακὴν
1423 997 1552 1044 ἀγωγὴν
1577 997 1631 1030 M.

988 1048 1192 1082 Antoninus
1207 1048 1382 1095 appellat,
1401 1047 1506 1082 initio
1522 1048 1633 1082 libro-

987 1113 1071 1135 rum
1088 1112 1249 1135 suorum.
1272 1100 1314 1134 C.

1039 1171 1095 1204 17.
1110 1162 1152 1191 Et
1161 1160 1271 1191 similis
1283 1171 1395 1202 regum
1402 1159 1545 1202 partin]
1558 1157 1634 1200 Qui

990 1211 1126 1246 deliciis
1143 1221 1179 1246 et
1197 1212 1349 1258 imperio
1371 1211 1541 1245 innutriti
1557 1223 1634 1246 om-

989 1266 1047 1299 nia
1069 1264 1113 1299 ad
1138 1264 1328 1298 libidinem
1348 1277 1449 1298 suam
1473 1263 1552 1298 fieri
1570 1275 1635 1298 vo-

987 1319 1069 1352 lunt
1082 1344 1092 1360 ‚
1114 1331 1180 1352 nec
1203 1330 1310 1365 grave
1335 1317 1537 1364 quidquam
1558 1329 1634 1350 sus-

989 1372 1131 1418 cipiunt
1160 1383 1199 1404 ac
1229 1371 1417 1404 molestum
1438 1382 1449 1402 τ
1475 1369 1635 1416 ideoque

989 1434 1127 1460 veteres
1136 1424 1180 1458 de
1191 1433 1366 1470 corrupto
1379 1432 1441 1458 aut
1451 1422 1498 1457 de
1507 1423 1635 1456 intem-

988 1487 1136 1525 perante
1149 1477 1315 1511 dicebant
1324 1501 1335 1517 ,
1349 1486 1395 1509 est
1404 1478 1513 1509 similis
1522 1487 1636 1519 regum

985 1532 1104 1573 pueris.
1126 1529 1195 1562 Dio
1221 1529 1492 1575 Chrysostomus
1509 1527 1546 1560 in
1562 1539 1634 1561 una

993 1595 1115 1617 earum
1128 1606 1138 1624 ‚
1155 1594 1243 1628 quas
1255 1594 1323 1628 pro
1344 1593 1380 1615 se
1394 1581 1540 1614 habuit:
1557 1586 1635 1614 πο).-

990 1636 1039 1670 λοὶ
1055 1637 1235 1681 κατεγέλων
1254 1637 1312 1674 τῆς
1330 1635 1453 1673 πόλεως
1466 1631 1636 1680 διαφερού-

993 1703 1050 1728 σης
1075 1685 1166 1722 οὐδὲν
1184 1687 1273 1722 κατὰ
1298 1687 1549 1732 τὴν,.ἀφροσύνην
1569 1691 1634 1720 τῶν
1667 1679 1671 1684 ’

991 1739 1120 1776 παίδων
1144 1745 1208 1775 τῶν
1239 1741 1409 1782 βασιλέων.
1425 1758 1473 1764 -
1488 1741 1638 1781 Pappum

991 1795 1148 1826 minutum
1164 1793 1277 1836 poscis.
1291 1791 1367 1824 Cur
1385 1802 1459 1824 non
1477 1790 1638 1824 minuto·

993 1854 1029 1880 et
1047 1853 1187 1879 teneros
1205 1844 1303 1878 cibos
1321 1855 1421 1877 more
1436 1855 1637 1889 puerorum

993 1899 1108 1945 poscis
1119 1897 1347 1940 P—Pappare
1373 1895 1494 1929 cibum
1516 1895 1636 1929 infan-

994 1953 1084 1985 tium
1102 1951 1275 1993 vocabant
1292 1951 1427 1995 (quem
1451 1949 1564 1983 nostri
1581 1947 1637 1982 di-

995 2013 1082 2039 cunt
1090 2007 1168 2037 dela
1178 2005 1318 2042 bouillie,
1327 2002 1385 2036 vel
1395 2004 1435 2035 de
1442 2003 1639 2046 lapanadae).

994 2059 1081 2093 Cato
1100 2057 1145 2092 de
1163 2057 1283 2091 liberis
1305 2055 1479 2090 educand.
1498 2057 1575 2088 Ciam
1591 2055 1638 2087 σί-

996 2114 1070 2143 bum
1085 2124 1126 2143 ac
1140 2112 1300 2153 potionem
1320 2112 1399 2141 buas
1415 2122 1456 2141 ac
1469 2120 1573 2151 papas
1584 2108 1637 2140 di-

994 2173 1089 2202 cunt,
1107 2171 1142 2196 et
1159 2170 1293 2194 matrem
1317 2173 1489 2193 mammam
1500 2184 1512 2201 ‚
1527 2169 1562 2192 et
1570 2172 1637 2203 pa-

996 2226 1076 2249 trem
1097 2225 1207 2248 catam.
1231 2219 1381 2258 Pappare
1400 2224 1548 2259 quoque
1565 2222 1636 2258 pro

997 2269 1119 2302 cibum
1136 2278 1282 2313 poscere
1293 2291 1304 2306 ,
1320 2274 1430 2311 atque
1446 2265 1552 2299 etiam
1566 2277 1636 2312 pro

999 2320 1118 2356 edere.
1134 2320 1251 2353 Plaut.
1265 2319 1301 2352 in
1319 2317 1457 2364 Epidio.

995 2387 1054 2428 Ep.
1064 2384 1154 2413 Novo
1160 2382 1273 2411 liberto
1282 2391 1359 2420 opus
1367 2386 1413 2410 est
1422 2379 1507 2420 qnod
1514 2386 1639 2420 pappet.

998 2436 1056 2464 Pe.
1071 2429 1218 2459 Dabitur:
1233 2428 1376 2468 praebebo
1389 2427 1502 2457 cibum.
1525 2449 1532 2456 .
1555 2449 1564 2456 .
1605 2428 1640 2458 C.

1049 2488 1101 2522 18.
1125 2491 1229 2520 Iratus
1252 2487 1435 2529 mammea]
1461 2484 1539 2518 Hoc
1566 2493 1640 2526 est,

1001 2541 1105 2576 matri
1114 2564 1124 2582 ‚
1139 2539 1195 2575 vel
1209 2537 1357 2572 nutrici.
1366 2540 1561 2570 —Mamma
1573 2537 1642 2571 Ln-

359 2680 403 2709 V.
424 2679 476 2709 16.
497 2678 662 2709 Palumbo.
678 2679 726 2708 Ita
743 2674 840 2707 codd.
855 2672 1022 2716 permulti.
1039 2671 1107 2703 Alii
1122 2670 1278 2702 columbo.
1291 2668 1334 2700 At
1345 2668 1437 2711 parvi
1450 2667 1595 2700 interest.
