1898 3216
0 837 1 871 l

0 874 2 904 k

448 313 847 361 EDITIONUM
885 313 1263 360 ELENCHUS.

239 410 280 441 et
293 400 419 441 Johan
431 401 567 451 Scopae
585 398 901 437 annotationibus
911 428 923 445 ‚
939 399 1064 446 Paris,
1114 399 1119 402 ’

869 464 975 507 (nihl.
994 465 1035 496 de
1017 463 1250 509 cummi)

184 537 235 574 A.
249 534 367 573 Persii
380 533 506 572 Flacci
519 533 673 580 Satirae,
690 547 782 571 cum
799 533 904 572 notis
921 533 1006 571 Ael.
1024 535 1115 571 Ant.
1131 533 1291 572 Nebris-

195 599 461 647 brisuensis,
477 612 541 651 ap.
558 599 659 638 nob.
677 597 944 650 Stephanum,
963 598 1137 645 Parisiis,

131 702 137 707 ·
181 688 228 725 A.
248 685 366 724 Persii
388 685 516 724 Flacci
536 686 689 732 Satirae,
709 699 802 724 cum
822 685 928 723 notis
943 685 1028 723 Ael.
1045 687 1194 724 Anton.
1213 686 1294 724 Ne-

232 750 456 798 brissensis,
474 751 658 789 Lucronii
680 751 746 802 (in
763 750 996 802 Hispania),

180 839 227 876 A.
243 837 362 876 Persii
377 837 504 876 Flacci
520 838 673 884 Satirae,
690 850 783 876 cum
802 837 958 877 scholiis
973 840 1034 876 Jo.
1050 837 1264 876 Murmellii
1276 867 1288 885 ‚

234 909 274 939 et
299 902 412 953 epist.
437 903 619 940 Herman-
648 901 829 948 Buschii‚
848 916 911 954 ap.
938 902 1078 941 Christ.
1105 902 1291 949 Wechel‚

232 966 404 1013 Parisiis,

178 1044 226 1080 A.
243 1031 362 1080 Persii
374 1041 502 1080 Flacci
518 1027 669 1088 Satine,
689 1041 846 1080 Basileae
858 1070 870 1088 ‚

180 1131 226 1167 A.
248 1129 366 1167 Persii
386 1128 514 1167 Flacci
543 1129 697 1174 Satirae,
716 1141 808 1166 cum
834 1127 958 1167 schol.
984 1127 1219 1176 Murmellii,
1236 1143 1286 1168 ex

233 1194 389 1232 officina
407 1194 613 1232 Christiani
631 1193 792 1232 Wechel
804 1223 816 1240 ,
834 1194 1007 1241 Parisiis,

178 1283 228 1318 A.
244 1280 364 1318 Persii
386 1279 513 1330 Flacci
534 1279 668 1318 Satirae
695 1279 978 1317 obscurissimae
1003 1279 1151 1332 alioqui
1175 1280 1288 1319 lucu·

232 1344 446 1383 lentissima
462 1344 638 1396 ecphrasi
654 1351 694 1382 et
716 1343 840 1381 schol.
862 1346 923 1381 Jo.
943 1344 1157 1382 Murmellii
1180 1344 1293 1382 illus-

230 1418 353 1448 tratae.
370 1409 574 1448 Accedunt
589 1412 679 1447 Des.
697 1410 845 1447 Erasmi
862 1410 1049 1448 Roterod.
1069 1411 1293 1449 annotatio-

230 1487 302 1512 nes
313 1502 326 1521 ‚
344 1482 385 1512 et
403 1475 586 1512 Herman.
603 1473 761 1511 Buschii
784 1474 960 1526 epistola.
979 1475 1206 1514 Excudebat
1221 1479 1285 1515 Jo.

228 1539 465 1589 Gymnicus,
486 1538 680 1584 Coloniae,

176 1617 225 1652 A.
241 1614 361 1653 Persii
378 1614 504 1652 Flacci
523 1614 657 1654 satirae
671 1643 683 1661 ,
703 1614 924 1666 Antverpiae
934 1643 947 1662 ,

177 1704 226 1740 A.
242 1702 362 1741 Persii
381 1701 508 1740 Flacci
524 1701 657 1740 Satirae
668 1729 680 1748 ‚
697 1715 768 1753 per
781 1702 906 1740 Nicol.
925 1702 1030 1740 Paris
1041 1731 1052 1749 ‚
1070 1703 1213 1742 Trecis.

177 1791 226 1827 A.
239 1789 393 1828 Persius
407 1802 499 1827 cum
513 1789 654 1827 Plautii
663 1818 674 1836 ‚
691 1789 872 1835 Cornuti,
884 1789 1092 1827 Bfimnnici
1107 1798 1147 1828 et
1161 1791 1289 1829 Fontii

230 1853 517 1892 commentariis
528 1882 540 1900 ‚
558 1855 724 1905 August.
743 1853 1061 1900 Vindelicorum,

179 1931 229 1967 A.
257 1929 377 1968 Persii
404 1929 531 1967 Flacci
561 1915 694 1966 Satirae
710 1957 722 1975 ,
750 1941 842 1966 cum
870 1929 973 1967 notis
1003 1929 1220 1968 Murmellii
1248 1939 1289 1969 et

230 1994 376 2031 Erasini
388 2024 400 2042 ‚
417 2006 482 2044 ap.
502 1992 665 2031 Wechel
679 2021 691 2039 ,
710 1993 826 2030 Paris.

177 2075 227 2112 A.
247 2075 421 2121 Persius,
443 2087 535 2112 cum
559 2074 663 2112 notis
687 2074 902 2113 Murmellii
924 2083 964 2113 et
984 2075 1155 2124 Erasmi,
1175 2076 1283 2128 apud

230 2138 392 2186 Wechel
402 2167 414 2186 ‚
430 2139 549 2176 Paris.

178 2222 226 2259 A.
244 2221 398 2259 Persius
414 2220 575 2258 Flaccus
587 2249 599 2267 ,
618 2234 709 2259 cum
725 2224 817 2259 Ant.
846 2222 1054 2274 Foquelini
1078 2231 1287 2262 comment.

228 2285 345 2323 Paris.

179 2362 228 2399 A.
248 2360 366 2398 Persii
382 2360 511 2399 Flacci
531 2362 608 2399 Sat.
623 2360 680 2399 VI
691 2389 703 2407 ,
720 2375 812 2400 cum
831 2362 1063 2401 doctissimis
1082 2362 1288 2414 cujusdam

204 2425 326 2471 «viri,
345 2425 428 2462 scil.
452 2426 627 2464 Turnebi
653 2435 864 2465 comment.
891 2427 1010 2478 Apud
1033 2426 1107 2466 Th.
1124 2426 1288 2463 Richar-

123 2489 158 2547 'j
232 2487 486 2536 dum‚Pa1-is.

1043 2543 1151 2587 (mhi
1164 2543 1285 2586 nuper.
1296 2543 1311 2588 )

185 2621 235 2659 A.
252 2622 401 2660 Pasias
417 2623 577 2662 Flaccus
590 2653 602 2672 ,
621 2637 684 2676 ap.
702 2625 804 2664 Rob.
823 2624 1064 2675 Stephanum
1080 2652 1092 2669 ,
1107 2624 1225 2662 Paris.

129 2746 134 2752 ι
186 2695 232 2732 A.
257 2696 405 2736 Persius
434 2699 614 2746 Flaccus,
640 2714 734 2739 cum
760 2708 968 2739 comment.
988 2703 1035 2739 A.
1061 2701 1223 2740 Cornuti
1248 2708 1288 2740 et

1431 317 1530 374 xxxj

1334 397 1447 438 1525.
1476 399 1530 438 f⁰.

1327 598 1442 647 1527.
1472 596 1533 639 8⁰.

1328 750 1442 802 1529.
1470 748 1527 788 8⁰.

1324 965 1440 1005 1531.
1469 964 1527 1012 40.

1329 1043 1442 1081 1531.
1471 1040 1526 1081 8⁰.

1324 1195 1438 1234 1538.
1466 1193 1524 1240 40.

1324 1541 1438 1579 1538.
1468 1540 1525 1579 8⁰.

1321 1616 1393 1661 154
1402 1630 1416 1654 1
1426 1645 1435 1654 .
1466 1614 1524 1654 80.

1323 1704 1437 1750 1542.
1468 1702 1527 1742 80.

1327 1856 1443 1902 1544.
1471 1854 1525 1895 10.

1324 1995 1440 2041 1546.
1469 1994 1527 2039 80.

1320 2141 1435 2180 1553.
1466 2139 1524 2179 80.

1323 2287 1435 2325 1555.
1465 2285 1522 2333 40.

1322 2503 1337 2527 1
1346 2489 1436 2528 555.
1464 2489 1522 2538 40.

1322 2639 1339 2664 1
1348 2625 1436 2666 558.
1464 2625 1521 2672 40.
