1846 3184
319 347 396 375 102

651 334 704 375 A.
745 332 994 376 PERSII
1037 335 1289 377 FLACCI

370 415 599 472 Exspecta:
617 414 734 456 haud
751 415 868 457 aliud
886 416 1141 474 respondeat
1156 417 1247 458 haec
1266 431 1388 458 anus.
1411 417 1456 469 Ι,
1479 432 1623 460 nunc:

370 491 658 534 Dinomaches
674 506 754 549 ego
772 507 879 533 sum.
897 491 1043 534 Suffla.
1063 493 1167 534 Sum
1184 491 1406 534 candidus.
1425 493 1550 534 Esto:

1614 511 1657 533 20

370 568 487 610 Dum
506 583 562 610 ne
580 568 766 610 deterius
788 569 922 626 sapiat
941 584 1166 626 pannucea
1184 570 1358 621 Baucis,

363 708 418 740 ¹9·
433 696 616 742 Exspecta]
637 695 812 742 Exspecta
824 719 834 736 ,
854 704 890 729 et
907 703 958 730 at-

314 749 423 783 tende
445 761 662 795 parumper,
681 748 802 794 inquit
826 752 931 794 poeta
949 762 957 781 :

313 802 575 847 interrogemus
591 801 682 834 hanc
698 800 858 834 vetulam
871 813 960 846 pan-

315 866 465 887 nuceam
489 852 667 887 olitricem
693 860 959 895 transeunte1n3

314 915 350 941 et
376 907 420 939 ab
445 919 484 940 ea
509 919 706 953 quaeramus
718 930 728 947 ‚
749 905 838 952 quid
865 906 960 951 opti-

314 973 416 994 mum
435 961 471 993 in
488 961 558 995 vita
576 959 740 1007 judicet?
755 959 853 993 idem
866 972 905 993 ac
920 968 960 994 tu

313 1013 570 1060 respondebit:
591 1014 668 1048 scil.
693 1026 877 1047 summum
896 1014 961 1047 ho-

314 1080 403 1101 num
415 1068 452 1101 in
466 1067 603 1102 deliciis
616 1080 744 1101 mensae
755 1076 790 1101 et
801 1067 961 1113 corporis

315 1120 500 1155 curatione
515 1121 632 1154 situm.
648 1137 663 1151 ι
679 1120 887 1162 Poteratne,
902 1119 962 1154 ad-

317 1189 331 1202 u
348 1172 401 1206 dit
414 1172 567 1206 Casaub.
579 1172 688 1218 magis
698 1173 830 1206 fastum
840 1181 961 1206 retun-

316 1243 330 1256 «ι
348 1225 432 1260 dere
456 1226 644 1260 insolentis
665 1226 828 1272 juveni5‚
851 1229 961 1272 quam

317 1296 332 1308 «ι
348 1280 431 1312 cum
444 1279 548 1312 illum
562 1279 728 1312 assimilat
741 1278 890 1312 aniculae
901 1303 911 1319 ‚
925 1286 961 1311 et

317 1348 331 1360 κ
347 1343 542 1377 pannuceae
555 1331 687 1366 olitriei
699 1339 888 1377 comparat.
898 1347 963 1360 »—

315 1387 344 1423 I,
351 1396 452 1422 nunc,
459 1393 517 1416 etc.
527 1383 638 1430 Perge
647 1385 660 1429 (
668 1386 868 1423 Poursuivez,
879 1385 963 1416 aIIez

316 1436 471 1481 ioujours,
487 1446 520 1469 et
526 1438 700 1470 dites-nous
711 1450 786 1469 avec
796 1438 962 1479 emphase:

314 1490 531 1522 Dinomaches
539 1502 598 1533 ego
606 1490 703 1534 sum),
711 1498 794 1535 post
802 1490 870 1522 tale
881 1501 963 1535 pro-

314 1545 423 1577 hrum
437 1544 578 1590 generis
587 1544 640 1577 tui
649 1570 659 1586 ‚
674 1544 895 1578 nobilitatem
907 1555 963 1577 os-

316 1604 433 1638 tenta,
452 1604 488 1630 et
507 1597 670 1642 corporis
687 1597 837 1630 formam
852 1609 860 1629 :
878 1606 962 1635 esto,

316 1648 345 1681 si
367 1648 492 1691 lubet,
512 1649 600 1683 dum
625 1649 714 1683 mihi
737 1648 909 1682 concedas
928 1657 963 1682 te

315 1698 399 1746 plus
409 1700 589 1745 sapientiae
603 1712 677 1734 non
690 1700 822 1734 habere
831 1725 842 1742 ,
854 1701 964 1746 quam

317 1753 487 1798 quaelibet
518 1765 606 1787 anus
640 1753 807 1800 imperita
839 1761 875 1788 et
903 1766 965 1788 ve·

315 1817 411 1840 sana.
432 1806 473 1839 P.

367 1871 423 1892 πο.
440 1861 658 1893 Dinomaches
677 1873 737 1904 ego
758 1862 851 1905 sum-J
871 1859 965 1893 Alci-

317 1911 440 1945 biades
453 1936 463 1953 ‚
483 1913 603 1958 inquit
626 1913 809 1947 Plutarch.
835 1922 965 1947 mater·

316 1976 400 1997 nam
407 1958 797 2010 originem'ducebat-ah
804 1966 965 2000 Alcmeo-

317 2014 404 2050 nide
414 2041 425 2058 ‚
441 2029 549 2063 quem
565 2029 610 2051 ex
629 2018 847 2052 Dinomacha
865 2018 964 2065 geni-

317 2079 397 2104 tum
418 2071 533 2104 aiunt.
555 2071 611 2104 Ita
626 2070 770 2104 Persius
787 2072 965 2118 originem

317 2123 511 2158 Alcibiadis
536 2123 735 2170 repetendo
756 2137 775 2157 a
799 2125 940 2158 feminis
954 2150 964 2165 ‚

318 2177 468 2223 obIIque
493 2190 560 2211 nec
585 2178 706 2211 miuus
732 2177 871 2211 satiricc
897 2178 930 2210 N
933 2190 966 2211 e-

318 2242 446 2263 ronem
467 2229 628 2277 designat
646 2255 657 2271 ‚
679 2242 724 2264 ex
746 2231 768 2264 J
771 2230 840 2264 ulia
863 2238 966 2276 gente

320 2282 520 2317 oriundum
543 2284 587 2318 ab
610 2284 806 2331 Agrippina
831 2292 964 2325 matre,

319 2336 378 2369 cui
397 2346 569 2383 praeterea
591 2336 742 2371 debehat
758 2337 963 2384 imperium.

320 2391 485 2436 ——Suffla.
500 2389 603 2424 Idem
615 2401 655 2424 ac
667 2401 775 2436 supra
786 2415 797 2432 ,
811 2399 872 2424 sat.
885 2391 944 2424 ΙΙΙ
955 2415 967 2432 ,

319 2455 354 2477 v.
379 2455 422 2489 27
437 2469 448 2486 ,
464 2446 652 2487 pulmonem
675 2456 825 2488 rumpere
846 2445 966 2477 ventis.

1012 695 1105 730 Gall.
1132 698 1279 742 5’enfler‚
1300 710 1408 730 crever
1429 698 1656 741 d'orgueil.—

1013 753 1086 781 Sum
1115 752 1279 783 candidus.
1313 750 1399 784 Erat
1426 749 1626 784 Alcibiades
1645 776 1656 792 ‚

1013 802 1118 836 etiam
1140 802 1316 848 Apollinis
1334 802 1494 849 judicio,
1514 802 1657 837 Graeco-

1013 868 1096 889 rum
1128 856 1426 898 formosissimus,
1445 858 1593 896 κάλλιςός
1619 870 1656 890 τε

1013 908 1067 942 καὶ
1087 909 1237 954 μέγιςος,
1255 909 1377 955 inquit
1397 909 1567 944 Socrates.
1583 911 1657 943 Ita-

1015 972 1085 1006 que
1108 959 1153 994 ad
1181 962 1256 1007 ejus
1286 962 1437 995 sormam
1464 974 1573 1008 opera
1595 968 1657 996 sua

1015 1013 1201 1059 exigebant
1218 1013 1398 1056 statuarii,
1417 1014 1558 1061 quoties
1573 1014 1658 1061 pul·

1014 1066 1257 1101 chritudinem
1269 1067 1470 1114 exprimere
1480 1066 1658 1101 volebant.

1015 1120 1097 1154 Non
1123 1120 1173 1153 ita
1198 1128 1295 1154 certe
1325 1121 1503 1154 formosus
1529 1119 1627 1154 Nero
1648 1132 1657 1152 τ

1014 1173 1102 1220 quin
1117 1173 1227 1207 immo
1237 1198 1247 1214 ‚
1261 1173 1409 1220 ignobili
1424 1172 1532 1207 fuisse
1546 1171 1662 1219 figura

1014 1239 1055 1260 ex
1069 1226 1192 1260 statuis
1206 1239 1285 1273 quae
1301 1234 1495 1272 supersunt
1508 1234 1544 1260 et
1557 1238 1661 1259 num-

1015 1280 1080 1313 rnis
1107 1279 1280 1324 videtur;
1304 1280 1370 1314 etsi
1398 1289 1516 1315 tamen
1543 1278 1590 1314 de
1617 1291 1660 1313 eo

1016 1333 1113 1367 Suet.
1139 1334 1235 1367 Nero
1248 1358 1258 1374 ‚
1279 1345 1354 1380 cap.
1375 1333 1416 1368 51
1433 1345 1441 1366 τ
1462 1336 1546 1366 Erae
1563 1334 1661 1366 vultu

1009 1387 1150 1429 pulchro
1171 1388 1274 1430 magis
1299 1388 1398 1430 quam
1421 1395 1569 1419 venusto.
1588 1385 1662 1421 Οε-

1015 1447 1134 1473 terum
1147 1464 1156 1481 ,
1175 1439 1250 1473 haec
1270 1452 1417 1486 quoque
1429 1439 1565 1474 Neroni
1578 1450 1662 1486 pos-

1016 1498 1102 1523 sunt
1130 1490 1322 1524 convenire
1342 1503 1350 1523 :
1377 1502 1484 1531 nam,
1509 1501 1585 1524 non
1613 1489 1663 1523 ait

1005 1543 1171 1586 formosus
1185 1556 1254 1575 sum
1263 1568 1274 1582 ‚
1291 1542 1354 1577 sed
1365 1545 1522 1576 candidus
1529 1556 1545 1582 ;
1560 1541 1660 1589 quod

1015 1595 1061 1630 ad
1084 1596 1155 1629 oris
1177 1597 1334 1630 colorem
1359 1604 1513 1642 spectat,
1536 1596 1600 1642 qui
1622 1595 1660 1628 in

1017 1661 1083 1689 eo,
1105 1658 1146 1684 ut
1171 1649 1210 1683 in
1237 1649 1441 1693 Alcibiade,
1460 1649 1561 1683 albus
1586 1660 1661 1682 esse

1016 1703 1192 1753 potuerit.
1210 1703 1252 1736 A.

1071 1767 1089 1788 2
1097 1767 1110 1788 1
1119 1781 1128 1788 .
1147 1758 1222 1787 Esto
1231 1769 1243 1787 :
1254 1757 1332 1787 dum
1342 1768 1384 1787 ne
1394 1755 1532 1787 deterius
1543 1755 1660 1798 sapiat,

1019 1811 1092 1853 etc-J
1104 1808 1266 1851 Scilicet,
1284 1809 1440 1841 candidus
1457 1815 1494 1842 et
1509 1806 1640 1842 nobilis
1652 1831 1662 1847 ‚

1020 1861 1111 1909 quid
1130 1863 1200 1896 hoc
1225 1861 1344 1896 solum
1366 1861 1412 1896 ad
1434 1862 1526 1896 bene
1549 1861 1679 1907 impe-—

1018 1915 1174 1949 randum
1184 1940 1194 1956 ,
1207 1915 1236 1949 si
1249 1914 1288 1948 in
1301 1914 1436 1949 caeteris
1449 1927 1515 1947 non
1526 1914 1665 1947 deterius

1017 1980 1057 2002 ac
1078 1977 1119 2002 tu
1137 1969 1247 2012 sapiat
1264 1967 1384 2003 vetula
1404 1969 1542 2006 Baucis,
1561 1977 1662 2012 aeque

1016 2034 1056 2056 ac
1066 2030 1106 2055 tu
1115 2021 1255 2068 sapiens
1270 2020 1337 2063 sit;
1350 2020 1407 2055 vel
1419 2020 1526 2054 etiam
1536 2027 1578 2053 tu
1589 2029 1663 2052 non

1017 2074 1127 2120 magis
1142 2077 1251 2120 quam
1262 2073 1322 2107 illa
1335 2073 1446 2120 sapias
1457 2071 1474 2106 ?
1482 2093 1530 2100 -
1538 2072 1664 2105 Baucis.

1017 2128 1117 2160 Anus
1134 2125 1351 2173 paupercula
1376 2126 1481 2172 cujus
1502 2123 1667 2159 meminit

1018 2178 1125 2213 ovid.
1139 2177 1382 2224 Metamorph.
1393 2177 1502 2211 VIII.
1519 2176 1597 2217 Hoc
1611 2176 1665 2210 lo-

1019 2243 1062 2264 co
1077 2255 1088 2272 ‚
1110 2230 1262 2277 ponitur
1286 2242 1354 2276 pro
1379 2228 1506 2276 quavis
1531 2228 1664 2275 abjecta

1018 2293 1054 2318 et
1070 2283 1132 2318 vili
1150 2283 1370 2317 muliercula.
1382 2283 1422 2316 P.
1433 2285 1665 2314 -Pannucea

1019 2336 1149 2371 Pannis
1155 2336 1268 2371 obsita
1275 2344 1492 2370 etannorum
1500 2346 1665 2377 numer-03

1019 2390 1078 2425 vel
1098 2389 1221 2437 potius
1233 2414 1244 2432 ,
1263 2401 1343 2435 quae
1360 2401 1491 2436 panem
1512 2396 1550 2422 et
1569 2388 1665 2422 olera

1020 2443 1059 2478 in
1077 2443 1158 2477 foro
1175 2441 1312 2478 vendit.
1334 2443 1378 2476 A.

367 2563 409 2592 V.
433 2573 486 2593 20.
505 2554 722 2593 Dinomaches
737 2573 797 2604 ego
812 2573 891 2593 sum.
907 2563 982 2592 Sum
996 2567 1088 2593 vacat
1102 2560 1140 2592 in
1156 2567 1270 2593 nostro
1283 2560 1408 2593 codice.

369 2632 412 2661 V.
441 2642 495 2663 21.
523 2629 582 2663 Ne.
613 2632 687 2663 Non
714 2643 777 2674 pro
804 2643 846 2663 ne
856 2655 868 2670 ,
893 2632 966 2663 cod.
993 2633 1360 2664 noster.—Pannueea.
1386 2630 1467 2663 Cod.
1493 2637 1607 2662 noster
1629 2637 1663 2662 et

322 2683 420 2714 multi
449 2685 524 2724 alii,
542 2683 707 2727 pannucia
717 2708 729 2724 ,
747 2685 800 2717 vel
813 2684 988 2729 pannucia
1014 2686 1097 2717 Item
1126 2684 1203 2716 edit.
1227 2690 1289 2716 vet.
1315 2684 1438 2715 Britan.
1466 2690 1499 2715 et
1522 2683 1645 2716 Aldina
1658 2703 1668 2721 ,

329 2736 429 2767 1535.
