1846 3184
310 302 436 345 xxxiv
694 304 745 345 A.
779 302 1006 346 PERSII
1041 299 1272 347 FLACCI

307 387 354 424 A.
385 384 504 424 Persii
529 383 656 424 Flacci
682 385 815 424 Satirae
832 415 843 433 ‚
868 399 961 425 cum
989 396 1200 426 comment.
1227 387 1416 435 Marcilii,

359 450 468 503 apud
485 451 609 502 Ori-y,
627 450 799 497 Parisiis,
1453 452 1565 491 1613.
1594 449 1651 497 4⁰.

989 505 1096 551 (Bibl.
1114 507 1161 538 du
1174 505 1386 550 Pantheon.)

307 578 354 614 A.
374 575 526 613 Persius
545 574 707 613 Flaccus
721 604 732 622 ‚
751 588 844 613 cum
866 575 970 614 notis
993 575 1212 628 posthumis
1231 575 1418 614 Johannis

359 640 519 686 Bondii,
541 640 736 687 Londini,
1386 684 1389 685 ⁷
1459 639 1572 686 1614.
1601 638 1656 679 8⁰.

307 720 356 755 A.
373 717 491 755 Persii
505 717 630 754 Flacci
644 718 722 755 Sat.
740 729 788 754 ex
801 716 1027 755 recensione
1041 725 1080 756 et
1094 730 1187 756 cum
1202 725 1414 755 comment.

359 781 479 820 Isaaci
497 781 714 820 Casauboni
726 810 737 829 ,
755 782 861 833 apud
875 784 992 819 Henr.
1009 784 1200 829 Drouart‚
1220 782 1374 820 Parisiis
1386 810 1398 828 ,
1455 780 1569 820 1615.
1598 778 1655 819 8⁰.

833 846 925 890 (Hic
943 847 1092 879 editione
1109 848 1166 879 usi
1180 846 1330 891 sumus.)

307 906 356 942 A.
371 904 523 942 Persius
536 895 698 942 Flaccus
707 933 718 951 ,
731 904 799 942 sed
815 913 1051 955 expurgatus
1063 905 1104 942 in
1117 905 1288 943 editione
1303 904 1423 943 Chori

359 971 564 1020 poetarum
581 968 792 1007 Alexandri
810 967 957 1006 Ficheti
970 997 981 1015 ,
999 968 1183 1020 Lugduni
1196 996 1207 1015 ‚
1460 968 1573 1016 1617.
1603 965 1659 1014 4⁰.

307 1048 354 1084 In
364 1048 410 1083 A.
426 1045 545 1084 Persii
557 1045 685 1082 Flacci
702 1044 845 1083 Satiras
856 1047 875 1082 I
893 1052 932 1083 et
945 1047 983 1082 II
999 1045 1141 1083 Asterii
1152 1045 1291 1083 Manlii
1307 1058 1422 1084 com-

359 1119 480 1149 ment.
501 1119 540 1149 et
556 1118 680 1157 notat,
699 1112 845 1148 Parmae
858 1139 870 1157 ‚
1459 1109 1575 1147 1621.
1604 1106 1662 1154 4⁰.

307 1191 356 1226 A.
377 1187 530 1224 Persius
543 1187 705 1224 Flaccus
717 1215 728 1233 ‚
748 1199 840 1224 cum
856 1186 959 1224 notis
977 1186 1199 1238 posthumis
1215 1189 1277 1224 Jo.
1296 1186 1422 1224 Bond.

359 1252 626 1303 Norimbcrgae
641 1280 652 1297 ,
1454 1249 1567 1289 1625.
1600 1261 1662 1288 12.

311 1331 360 1366 A.
381 1327 532 1365 Persius
546 1327 707 1364 Flaccus
718 1356 729 1374 ‚
750 1339 843 1364 cum
860 1326 963 1365 notis
979 1325 1200 1378 posthumis
1219 1329 1280 1365 Jo.
1296 1326 1421 1365 Bond.

359 1391 648 1442 Norimbergae‚
1456 1391 1569 1428 1631.
1603 1402 1664 1428 12.

308 1471 355 1507 A.
375 1468 528 1506 Persius
546 1467 707 1505 Flaccus
721 1496 732 1514 ‚
751 1479 813 1518 ap.
831 1466 934 1504 Rob.
954 1466 1213 1518 Stephanum,
1230 1466 1383 1504 Parisiis
1396 1494 1407 1513 ,
1458 1466 1572 1511 1634.
1603 1464 1660 1504 8⁰.

308 1548 354 1583 A.
369 1544 487 1583 Persii
495 1544 623 1582 Flacci
635 1543 767 1582 Satirae
780 1556 872 1581 cum
883 1543 988 1581 notis
997 1546 1031 1580 J.
1041 1545 1096 1580 M.
1106 1543 1291 1590 Dssherri,
1302 1545 1324 1580 J
1326 1555 1423 1590 enae,
1454 1542 1568 1581 1635.
1602 1555 1664 1581 12.

308 1623 359 1658 A.
379 1619 499 1657 Persii
516 1618 643 1656 Flacci
670 1619 825 1664 Satirae,
842 1631 935 1655 cum
960 1626 1172 1656 comment.
1199 1617 1421 1670 posthumis

361 1687 423 1723 Jo.
443 1683 567 1722 Bond.
588 1697 651 1735 ap.
672 1685 765 1721 Ant.
783 1683 919 1734 Vitray
932 1712 943 1731 ,
961 1683 1078 1721 Paris.
1092 1711 1104 1729 ‚
1465 1683 1579 1730 1641.
1607 1681 1665 1723 8⁰.

1183 1737 1290 1781 (Bibl.
1311 1737 1463 1782 Imper.)

310 1809 356 1844 A.
379 1805 498 1844 Persii
519 1805 646 1844 Flacci
672 1805 829 1852 Satirae‚
854 1817 947 1842 cum
973 1813 1184 1843 comment.
1213 1808 1275 1844 Jo.
1303 1806 1429 1845 Bond.

363 1884 428 1923 ap.
452 1870 540 1909 Seb.
558 1879 596 1908 et
615 1870 732 1908 Gabr.
752 1869 952 1921 Cramoisy
965 1898 976 1916 ‚
996 1870 1114 1908 Paris.
1126 1898 1138 1916 ‚
1467 1872 1580 1918 1644.
1610 1871 1666 1911 8⁰.

888 1936 981 1979 (Hac
997 1936 1145 1968 editione
1164 1936 1215 1968 usi
1233 1935 1385 1980 sumus.)

312 2009 358 2044 A.
378 2006 529 2043 Persius
546 2005 708 2043 Flaccus
720 2034 730 2052 ‚
750 2005 931 2056 Friburgi
944 2033 956 2051 ,
1465 2007 1580 2054 1644.
1611 2006 1668 2047 8⁰.

314 2087 359 2122 A.
381 2082 500 2121 Persii
521 2082 647 2119 Flacci
669 2081 801 2119 Satirae
813 2110 824 2129 ,
844 2095 892 2119 ex
914 2081 1138 2119 recensione
1156 2089 1195 2119 et
1213 2095 1305 2120 cum
1324 2083 1428 2122 notis

302 2190 308 2191 ⁷
366 2147 488 2186 Isaaci
506 2146 724 2184 Casauboni
739 2175 750 2194 ,
767 2145 959 2193 Londini‚
1467 2147 1582 2197 1647.
1611 2146 1668 2187 8⁰.

928 2211 1129 2255 (catalogue
1146 2212 1187 2243 de
1205 2212 1385 2257 Falconet)

316 2288 362 2323 A.
379 2282 498 2321 Persii
512 2281 640 2320 Flacci
654 2282 787 2319 Satirae
797 2309 809 2328 ‚
825 2294 917 2319 cum
928 2281 1032 2318 notis
1043 2281 1220 2318 Famabii
1230 2309 1241 2328 ‚
1258 2281 1423 2330 Amptel.
1456 2282 1572 2322 1650.
1604 2297 1665 2323 12.

316 2365 362 2399 A.
379 2359 498 2398 Persii
511 2358 643 2396 Satirae
654 2387 665 2404 ‚
680 2371 772 2396 cum
784 2357 1063 2395 commentario
1075 2356 1234 2394 Davidis
1244 2357 1434 2396 chder-

371 2425 488 2462 burni
514 2424 621 2461 Scoti
650 2422 962 2468 Abredonensis‚
986 2421 1125 2460 edente
1153 2429 1244 2472 post
1267 2430 1435 2460 mortem

372 2489 498 2526 fratris
531 2488 644 2526 Alex.
671 2487 972 2527 Wedderbumo
994 2515 1006 2533 ‚
1035 2485 1143 2538 apud
1175 2484 1431 2534 Elzevirium‚

372 2552 676 2599 Amstelodami‚
1465 2552 1578 2598 1664.
1611 2566 1669 2591 12.

322 2632 367 2668 A.
395 2628 514 2666 Persii
542 2628 671 2666 Flacci
704 2629 837 2669 Satirae
856 2659 868 2677 ‚
895 2642 987 2667 cum
1017 2626 1194 2678 ejusdem
1225 2636 1435 2667 comment.

374 2691 535 2728 Elzevir.
554 2692 718 2730 Amstel.
1467 2693 1582 2732 1668.
1617 2708 1675 2733 12.
