1846 3184
320 268 401 311 160

654 268 705 310 A.
738 267 982 310 PERSII
1021 268 1275 311 FLACCI

373 350 486 392 Tum
504 350 620 408 nigri
637 349 820 392 lemures
832 382 844 404 ,
863 365 1031 408 ovoque
1049 351 1240 409 pericula
1257 360 1410 409 rupto:

1594 355 1657 394 185

373 427 488 468 Tum
506 425 685 485 grandes
699 426 834 479 Galli,
853 437 896 468 et
913 442 1013 468 cum
1032 427 1158 469 sistro
1175 428 1291 469 lusca
1308 426 1523 482 sacerdos,

365 549 445 584 185.
476 552 554 582 Tum
583 551 671 593 nigri
699 550 856 592 lemures]
883 548 961 582 Alia

314 611 569 638 commemorat
590 602 710 637 delirae
734 602 961 648 superstitio·

313 658 371 691 nis
388 657 562 704 exempla.
578 656 689 690 Persii
706 657 792 701 nigri
802 658 938 689 lemures
949 681 960 696 ,

311 707 581 745 Platonicorum
590 707 714 746 σκιώδη
726 710 960 756 φαντάσματα,

313 763 502 798 Gallorum
511 766 554 795 les
563 772 730 795 revenancs
739 787 749 801 ‚
766 770 849 796 sunt
863 775 959 796 mor-

313 824 463 850 tuorum
481 816 615 848 umbrae
628 840 638 857 ‚
654 827 742 861 quas
755 815 959 849 viventibus

311 875 566 916 apparere‚'et
592 869 755 903 molestas
781 881 854 903 esse
884 881 959 902 cre-

310 923 413 957 dunt.
431 922 680 956 Differentiam
703 922 799 956 inter
816 935 935 956 manes
947 947 957 964 ‚

309 976 463 1011 lemures
473 983 508 1010 et
518 976 629 1009 larvas
639 976 746 1009 habes
756 975 851 1022 apud
861 977 958 1022 Apu-

309 1030 419 1064 leium
430 1055 440 1071 ‚
453 1029 499 1063 de
511 1031 587 1063 Deo
601 1029 766 1063 Socratis.
782 1029 957 1063 Platonici

309 1085 424 1118 multa
443 1083 488 1117 de
507 1083 563 1117 his
584 1083 782 1117 lemuribus
799 1083 958 1130 philoso-

309 1138 409 1185 phati
418 1146 502 1172 sunt
517 1137 684 1172 docentes
694 1163 704 1179 ,
719 1138 852 1172 animas
859 1151 959 1185 quas-

309 1191 392 1225 dam
410 1201 483 1225 esse
501 1190 547 1224 ita
566 1189 760 1237 corporum
777 1200 934 1225 amantes
947 1216 957 1232 ‚

309 1253 344 1279 et
359 1244 507 1290 originis
519 1256 590 1277 suae
603 1244 729 1290 primae
742 1244 860 1277 oblitae
870 1270 880 1286 ‚
899 1252 956 1286 ut,

308 1311 355 1332 ne
374 1307 452 1332 tum
475 1297 640 1344 quidem,
659 1299 743 1331 curn
770 1306 886 1332 morte
906 1311 957 1332 se-

305 1354 439 1400 junctae
453 1360 570 1386 essent
584 1364 602 1385 a
618 1364 768 1397 corpore
777 1376 786 1392 ‚
802 1352 957 1398 separari

306 1414 424 1439 tamen
444 1405 488 1439 ab
509 1405 571 1439 illo
588 1413 754 1451 possent;
774 1405 860 1438 hinc
881 1418 957 1442 esse

306 1459 368 1493 illa
381 1459 624 1505 phantasmata
643 1467 679 1492 et
699 1467 858 1492 monstra
875 1472 955 1506 quae

305 1513 344 1546 in
362 1512 561 1559 sepulchris
574 1519 806 1557 apparerent,
821 1519 855 1545 et
869 1511 955 1544 alibi

307 1565 428 1599 etiam.
467 1563 719 1611 Olympiodor.
755 1563 793 1596 in
830 1563 951 1597 Phaed.

306 1618 396 1652 Plat.
415 1611 480 1653 Ἐπὶ
502 1623 565 1652 τῶν
591 1618 824 1664 φιλοσωμάτων
846 1618 954 1663 ψυχῶν

303 1673 475 1718 χωρίζεται
493 1672 551 1717 μὲν
578 1673 616 1715 ζτὸ
638 1676 735 1717 σῶμα
754 1674 811 1710 τῆς
832 1671 953 1716 ψυχῆς,

305 1727 340 1759 οὐ
360 1725 417 1771 μὲν
443 1726 463 1761 ἡ
488 1724 572 1769 ψυχὴ
599 1727 653 1758 τοῦ
679 1724 850 1769 σώματος,
871 1724 954 1758 ἀλλὰ

303 1782 461 1822 σχετικῶς
489 1778 536 1811 ἔτι
563 1777 726 1813 σύνηπται
752 1778 840 1822 αὐτῷ
865 1776 955 1810 κατὰ

304 1831 363 1867 τὴν
376 1831 563 1875 ἣμὶσχετον,
580 1831 690 1873 σχέσιν
703 1845 710 1852 ·
732 1829 764 1870 ἐξ
781 1826 823 1864 ὧν
842 1830 897 1864 καὶ
911 1828 954 1864 τὰ

304 1879 431 1918 σκιώδη
456 1882 681 1928 φαντάσματα.
706 1881 776 1929 περὶ
797 1884 871 1922 τοὺς
891 1884 953 1917 τοί-

304 1949 378 1982 φους
395 1937 571 1969 ἐνειλεῖται·
592 1937 633 1973 ὡς
652 1936 706 1969 καὶ
721 1938 735 1969 ὁ
749 1937 884 1975 ποιητὴς
900 1938 954 1970 λε’-

304 2002 355 2035 γει
379 1988 453 2034 περὶ
479 1990 536 2027 τῆς
558 1988 748 2033 Πατρόκλοῦ
773 1989 885 2032 ψυχῆς.
907 1981 952 2024 ὸν

301 2042 427 2088 πότμον
452 2041 600 2086 γοόωσα,
617 2044 746 2074 lmen&
767 2038 953 2086 ἀνδρότητα

302 2094 358 2129 καὶ
388 2092 484 2131 *tiem-
523 2093 633 2139 Apul.
671 2093 708 2126 in
743 2093 918 2139 Apologia
941 2108 949 2128 :

301 2148 351 2178 Ae
361 2147 421 2178 tibi
435 2147 518 2177 duat
531 2148 616 2176 Deus
634 2146 689 2176 iste
705 2157 829 2186 semper
846 2147 952 2177 obvias

302 2201 419 2243 species
448 2208 645 2232 mortuorum
658 2223 668 2236 ,
695 2199 856 2241 quicquid
878 2211 949 2230 um-

303 2256 435 2286 brarutn
447 2262 495 2285 est
507 2264 642 2295 usquam
650 2277 662 2290 ‚
679 2252 838 2294 quicquid
848 2253 949 2283 lemu-

302 2319 375 2338 rum
389 2331 400 2345 ,
424 2307 583 2349 quicquid
605 2306 747 2337 manium
759 2330 771 2344 ,
794 2306 954 2347 quiequid

301 2362 465 2392 larvarum
480 2361 579 2391 oculis
592 2360 654 2405 tuis
670 2368 826 2402 oggerat:
839 2359 948 2390 omnia

302 2415 442 2445 noctium
463 2412 691 2449 occur-sucula,
712 2412 822 2443 omnia
843 2412 948 2443 busto-

302 2479 374 2498 rum
378 2467 634 2509 fhrmidam‘ina,
644 2465 755 2496 omnia
767 2465 949 2507 sepulchro-

302 2531 373 2551 rum
386 2520 661 2565 terriculamenta.
673 2516 767 2551 Vide
777 2516 946 2560 Plinium,

1012 548 1077 582 lib.
1095 550 1190 591 VII,
1207 550 1311 597 epist.
1332 563 1445 598 27.—
1458 555 1587 595 Ouoque
1599 564 1660 595 pe·

1013 604 1118 636 ricula
1143 604 1345 647 rupc0.Vet.
1371 604 1481 637 schol.
1511 604 1658 638 «Sacer-

1017 672 1031 685 ‹
1048 654 1149 690 dotes
1164 681 1175 698 ‚
1205 658 1267 703 qui
1303 657 1533 704 explorandis
1562 657 1659 704 peri-

1018 725 1032 738 ιι
1048 709 1137 742 culis
1152 722 1245 743 sacra
1264 710 1455 751 faciebant,
1469 711 1659 744 observare

1015 778 1028 792 ι
1044 763 1203 797 solebant
1216 776 1326 798 ovum
1339 765 1413 811 igni
1425 764 1634 811 impositum
1647 789 1657 806 ‚

1014 833 1028 846 ι
1046 825 1170 850 utrum
1192 818 1229 851 in
1257 818 1395 864 capite,
1415 831 1458 853 an
1486 819 1524 852 in
1549 819 1658 852 latere

1014 885 1028 898 ι
1045 868 1250 904 desudaret.
1284 871 1322 904 Si
1355 879 1475 906 autem
1505 880 1658 918 ruptum

1015 939 1029 953 ι
1046 922 1258 966 effluxerat,
1282 924 1486 970 periculum
1513 925 1545 959 ei
1569 937 1657 971 por-

1013 992 1026 1005 «
1042 974 1232 1019 tendebat,
1252 989 1321 1023 pro
1339 989 1413 1023 quo
1430 978 1563 1012 factum
1579 978 1657 1011 fue·

1013 1046 1027 1060 ·
1042 1037 1095 1063 rat
1107 1055 1117 1071 ,
1134 1030 1190 1064 vel
1215 1030 1266 1064 rei
1290 1031 1452 1064 familiari
1477 1033 1562 1078 ejus.
1575 1049 1588 1062 ι
1610 1033 1657 1065 At

1010 1082 1107 1116 aliud
1122 1083 1387 1130 superstitionis
1400 1097 1512 1131 genus
1523 1084 1568 1118 de
1578 1085 1656 1119 ovis

1010 1136 1128 1182 ruptis
1146 1145 1265 1170 narrat
1280 1136 1370 1170 Plin.
1383 1136 1448 1170 lib.
1467 1137 1632 1170 XXVIII
1644 1162 1656 1178 ,

1011 1201 1089 1235 cap.
1109 1201 1122 1223 1
1138 1203 1145 1222 :
1163 1193 1234 1222 Huc
1245 1192 1406 1233 pertinet,
1427 1191 1546 1238 inquit
1558 1216 1568 1232 ‚
1587 1202 1659 1223 ovo·

1011 1256 1082 1275 rum
1090 1269 1099 1283 ‚
1120 1253 1156 1276 ut
1165 1246 1366 1277 exsorbuerit
1378 1246 1514 1288 quisque
1523 1246 1638 1277 calices
1644 1269 1655 1282 ,

1010 1298 1278 1340 cochlearumque
1285 1299 1435 1341 protinus
1441 1298 1563 1342 frangi
1570 1323 1580 1336 ‚
1600 1306 1661 1330 aut

1009 1352 1134 1383 eosdem
1158 1352 1378 1384 cochlearibus
1391 1342 1575 1396 perforari.
1601 1350 1656 1384 Si-

1010 1404 1104 1438 milis
1126 1404 1198 1438 fere
1218 1404 1316 1451 apud
1338 1418 1405 1440 nos
1425 1405 1654 1452 superstitio,

1009 1457 1036 1489 si
1059 1457 1204 1492 fuscinae
1235 1471 1317 1498 casu
1344 1466 1494 1504 repertae
1521 1458 1657 1492 fuerint

1008 1510 1123 1544 crucis
1138 1511 1289 1545 formam
1305 1512 1476 1546 habentes
1487 1536 1499 1553 ,
1514 1512 1542 1545 si
1558 1524 1658 1546 ever-

1008 1575 1088 1596 sum
1114 1563 1223 1597 fuerit
1252 1564 1405 1597 salinum
1420 1589 1430 1605 ‚
1455 1572 1516 1597 aut
1537 1564 1565 1597 si
1586 1572 1656 1597 tre-

1008 1613 1126 1649 decim
1135 1628 1264 1650 mensae
1276 1616 1509 1650 accubuerint
1518 1641 1528 1657 ‚
1541 1625 1577 1650 et
1590 1616 1656 1650 alia

1007 1667 1200 1715 ejusmodi.
1221 1669 1263 1703 C.
1284 1676 1320 1702 et
1335 1670 1377 1702 A.
1448 1663 1453 1666 ”

1059 1722 1137 1755 186.
1161 1725 1238 1754 Turn
1250 1723 1393 1766 grandes
1411 1723 1518 1766 Galli.]
1540 1721 1655 1764 Galli,

1008 1773 1206 1808 sacerdotes
1225 1774 1348 1809 matris
1364 1775 1482 1808 Denm
1492 1800 1503 1816 ,
1514 1775 1656 1819 grandes

1009 1826 1185 1861 dicuntur
1197 1828 1244 1861 ob
1258 1827 1446 1862 stultitiam
1457 1835 1491 1862 et
1504 1827 1655 1862 insulsos
1683 1868 1688 1872 ‚

1009 1893 1145 1923 mores,
1162 1889 1203 1915 ut
1217 1893 1326 1927 supra
1337 1906 1348 1923 ,
1370 1882 1548 1914 Calene-‚0
1565 1883 1653 1920 alto,

1010 1942 1045 1967 et
1062 1934 1173 1977 infra,
1192 1935 1359 1979 Vuffenius
1375 1937 1495 1980 ingens.
1508 1938 1560 1968 De
1573 1934 1656 1969 Gal-

1006 1987 1049 2020 lis
1057 2013 1067 2029 ‚
1078 1987 1154 2022 vid.
1168 2001 1247 2035 quae
1258 1987 1461 2023 notavimus
1470 1986 1515 2022 ad
1524 1988 1546 2022 J
1548 2000 1654 2022 uven-

1007 2045 1071 2072 sat.
1097 2039 1171 2080 VI,
1195 2052 1226 2073 v.
1255 2039 1445 2073 {um—Et
1465 2051 1538 2071 cum
1561 2040 1654 2071 sistro

1006 2093 1094 2123 lusca
1117 2094 1290 2124 sacerdos..
1313 2092 1398 2125 Vet.
1427 2091 1538 2125 schol.
1563 2107 1577 2121 ι
1590 2093 1654 2124 Sis-

1007 2160 1021 2173 «
1037 2154 1120 2176 trum
1138 2145 1153 2188 (
1163 2144 1423 2190 crepitaculum
1441 2157 1486 2178 ex
1510 2156 1579 2178 aere
1596 2143 1652 2190 vel

1003 2205 1149 2242 argento
1158 2223 1167 2238 ‚
1182 2199 1284 2243 cujus
1297 2198 1410 2231 forma
1424 2210 1468 2230 ex
1477 2205 1565 2232 vett.
1578 2209 1653 2230 mo-

1002 2250 1184 2283 numentis
1194 2250 1275 2282 satis
1283 2257 1375 2282 nota.
1382 2248 1465 2283 Vid.
1473 2249 1652 2282 Musaeun

1002 2301 1095 2334 Bibl.
1124 2301 1260 2348 Imper.
1290 2301 1422 2347 Paris.)
1450 2297 1650 2335 sacerdotes

1004 2371 1018 2384 ι
1033 2353 1138 2388 Isidis
1171 2362 1327 2401 portant.
1360 2358 1464 2386 Lusca
1492 2363 1613 2388 autem
1639 2379 1651 2396 ‚

1004 2425 1018 2438 ιι
1033 2407 1115 2442 ideo
1123 2406 1223 2454 quod
1232 2407 1374 2440 nubiles
1381 2405 1557 2440 deformes
1565 2409 1651 2441 cum

1004 2479 1019 2492 ι
1034 2462 1180 2495 maritos
1193 2474 1267 2495 non
1281 2461 1486 2494 invenerint
1498 2486 1508 2503 ,
1523 2459 1568 2495 ad
1583 2462 1650 2494 mi-

1003 2533 1018 2546 «
1034 2516 1224 2551 nisterium
1258 2516 1419 2549 Deorum
1455 2527 1491 2548 se
1523 2515 1647 2549 confe-

347 2633 388 2661 V.
406 2632 470 2662 185
480 2655 489 2670 ,
507 2632 582 2663 186.
598 2632 684 2662 Tum.
697 2633 747 2662 Ita
760 2630 854 2662 codd.
871 2641 1002 2669 omnes,
1016 2630 1069 2662 vel
1086 2626 1171 2660 tunc.
1183 2630 1256 2662 Vct.
1271 2628 1372 2661 schol.
1391 2630 1477 2660 Tunc
1486 2651 1496 2666 ,
1512 2639 1542 2659 v.
1564 2628 1629 2659 185
1639 2651 1649 2667 ,

302 2690 334 2721 et
353 2683 446 2722 ltine,
465 2697 494 2716 v.
519 2686 582 2717 186
593 2708 602 2725 ,
619 2696 719 2728 quem
737 2691 870 2717 secutus
884 2692 933 2717 est
947 2683 1167 2718 Casanbonus.
