1846 3184
1093 259 1152 321 ³5*

485 449 871 508 SATIRAE
921 448 1350 524 QUARTAE
1417 521 1429 533 ι

631 601 1197 648 ARGUMENTUM.

309 734 359 758 ΙΙ
379 733 556 764 Quanam
579 733 775 756 stura-us
799 733 902 762 111,
922 733 1237 761 causatusquz
1258 731 1508 755 ΙΟῙΔΙἹΒΠ.

299 815 425 854 Prima
443 815 562 852 Persii
579 814 691 852 satira
711 813 785 851 fuit
808 813 849 850 in
872 812 993 851 malos
1016 812 1244 864 ineptusque
1264 815 1397 864 poetas
1417 814 1579 864 scripta,

197 934 205 941 .
247 884 490 936 etimprimis
499 885 541 922 in
554 886 748 922 Neronem
761 896 897 921 eorum
912 881 1182 934 coryphaeum:
1197 882 1268 920 hac
1282 891 1411 921 autem
1426 883 1581 935 quarta,
1600 938 1604 941 Ὗ

249 954 450 1007 politicam
469 954 655 1006 principis
679 953 911 1004 aggreditur.
940 955 1059 990 Porro
1087 960 1164 990 tres
1192 960 1319 1003 partes
1344 958 1435 990 'suut
1457 953 1581 991 satira

73 1003 101 1048 -
174 1065 179 1069 ,
249 1021 368 1076 hujus
382 1038 393 1060 :
410 1023 555 1075 prima,
570 1022 815 1075 reprehendit
828 1024 1021 1060 Neronem
1031 1051 1043 1069 ,
1059 1022 1168 1074 quod
1182 1022 1357 1061 nondum
1371 1024 1448 1060 XX
1458 1036 1581 1061 annos

250 1102 386 1140 natus,
400 1102 440 1132 et
457 1101 563 1131 tanto
580 1094 704 1145 impar
721 1093 828 1131 oneri
838 1121 851 1139 ,
870 1093 1059 1144 quodque
1078 1093 1297 1131 domesticis
1313 1101 1463 1130 tantum
1478 1093 1582 1131 vitiis

214 1152 218 1153 ⁷
250 1163 399 1209 clarus,
415 1163 548 1215 paucis
564 1163 775 1201 admodum
801 1163 984 1201 immixtis
1006 1163 1121 1201 bonis
1138 1162 1336 1214 (nondum
1353 1163 1456 1200 euim
1476 1171 1582 1202 totus

250 1233 470 1283 innotuerat
488 1232 634 1283 Nero),
653 1233 721 1271 sed
743 1233 849 1271 inani
867 1234 1058 1285 majorum
1077 1246 1236 1270 suorum
1259 1231 1380 1284 gloria
1399 1241 1553 1271 tumens
1565 1261 1580 1280 ,

191 1301 195 1304 ’
249 1301 532 1353 rempublicam
546 1302 755 1353 susceperit
766 1301 1076 1353 gubernandam;
1092 1301 1198 1339 haud
1211 1302 1340 1340 minus
1349 1330 1362 1349 ‚
1378 1301 1450 1340 hac
1462 1301 1505 1340 in
1518 1316 1579 1349 re,

164 1416 170 1421 ι
247 1370 430 1418 insanus,
447 1384 566 1422 quam
583 1371 774 1423 pannucia
791 1371 952 1417 Baucis,

436 1457 531 1492 Cu'nn
546 1457 639 1492 bene
653 1456 827 1492 discincto
845 1457 1038 1492 mutaverit
1057 1456 1171 1491 ocima
1185 1468 1303 1491 verna

250 1537 658 1590 (1—22).Secunda
678 1551 771 1576 vero
782 1566 794 1584 ,
808 1538 982 1576 versibus
1007 1537 1121 1589 plane
1143 1538 1269 1576 aureis
1279 1567 1291 1584 ,
1307 1538 1475 1576 ostendit
1497 1539 1581 1576 fieri

249 1600 332 1646 nou
343 1620 476 1659 posse,
491 1616 538 1644 ut
551 1607 642 1645 vitia
655 1609 844 1659 cujusque
857 1607 927 1644 diu
940 1607 1101 1652 lateant,
1115 1607 1304 1658 imprimis
1314 1608 1386 1645 viri
1397 1608 1578 1659 potentis,

250 1686 324 1715 nec
337 1689 419 1714 nou
434 1676 618 1727 principis
627 1691 640 1723 ;
656 1675 746 1714 cinn
763 1677 815 1714 ita
831 1677 879 1713 sit
897 1690 919 1713 a
936 1684 1071 1714 natura
1085 1685 1348 1727 comparatum
1359 1706 1371 1723 ,
1386 1685 1432 1714 ut
1446 1690 1580 1716 omnes

250 1745 293 1784 iu
306 1745 399 1784 vitia
414 1746 538 1784 aliena
554 1746 719 1784 libenter
734 1746 951 1797 inquirant,
968 1759 1129 1785 suorum
1145 1748 1294 1784 securi:
1313 1761 1401 1785 uam
1412 1776 1424 1793 ,

433 1831 612 1880 Caedimus
622 1857 634 1873 ‚
648 1832 759 1878 inque
770 1832 886 1866 vicem
898 1833 1099 1878 praebemus
1113 1844 1216 1866 erma
1231 1832 1380 1879 sagittis.

434 1889 581 1922 Vivitur
594 1890 665 1923 boc
679 1897 797 1935 pacto.
815 1889 873 1922 Sic
890 1889 1058 1923 novimus
1072 1901 1083 1922 :
1102 1889 1162 1923 ilia
1178 1890 1303 1924 subter
1368 1896 1378 1903 ‘

433 1947 580 1981 vulnus
594 1947 721 1989 habes,
738 1955 805 1981 etc-
829 1971 1310 1980 ...............

253 2029 394 2081 (23-
405 2029 494 2079 43).
518 2028 647 2067 Tertia
668 2028 846 2074 tandem,
864 2028 915 2066 ad
936 2031 1128 2066 Neronem
1149 2028 1269 2074 redit,
1291 2040 1461 2081 eumque
1482 2029 1579 2068 hor-

249 2105 378 2153 tatur,
395 2110 445 2135 ue
463 2097 539 2135 sibi
562 2097 723 2149 aliisque
749 2097 884 2135 fucum
914 2098 1051 2145 faciat3
1078 2098 1330 2149 animumque
1355 2112 1378 2136 a
1404 2100 1578 2150 pessimis

249 2166 514 2205 adulatoribus
529 2176 723 2214 avertens,
738 2168 780 2206 in
798 2181 839 2206 se
857 2168 1063 2207 descendat
1074 2198 1087 2215 ,
1106 2177 1146 2206 et
1162 2169 1245 2220 ipse
1263 2169 1494 2215 consideret,

436 2253 554 2296 Quam
573 2253 620 2287 sit
635 2253 703 2286 sibi
720 2262 819 2287 curta
840 2253 1001 2299 supellex
1011 2277 1023 2294 ,

248 2333 294 2373 id
319 2343 400 2381 est,
423 2332 541 2386 quam
566 2335 774 2385 imparatus
802 2335 851 2372 sit
879 2335 927 2371 iis
954 2334 1128 2380 artibus,
1158 2348 1323 2385 quarum
1353 2333 1488 2371 notitia
1513 2348 1578 2372 re-

230 2404 418 2456 quiritur
449 2404 499 2441 ad
525 2404 624 2442 bene
656 2404 895 2454 feliciterque
930 2403 1211 2454 rempublicam
1238 2403 1578 2440 administrandam

252 2473 484 2524 (kh—⁵2).
958 2528 961 2530 ‚

303 2545 420 2580 'recte
438 2551 566 2581 tamen
592 2551 632 2580 et
656 2543 805 2587 obiter,
824 2541 897 2578 sub
922 2554 1082 2591 persona
1106 2541 1340 2587 Alcibiadis,
1362 2544 1574 2590 Neronem,

252 2608 428 2662 aliosque
442 2612 771 2663 depmntissimos
782 2612 943 2663 juvenes
952 2638 964 2656 ,
984 2623 1084 2661 quos
1100 2609 1168 2648 ille
1183 2611 1226 2648 in
1241 2611 1447 2651 consilium
1462 2625 1576 2651 suum
