1846 3184
590 321 856 366 SATIRA
899 319 990 362 vl.
1383 337 1399 362 1

179 411 307 452 Costa
326 407 436 450 ratis
450 405 611 448 ἥσει-ω.
640 404 769 446 Nune
791 414 837 446 et
858 401 915 445 de
935 402 1097 460 cespite
1116 401 1217 443 vivo

179 481 548 544 Erangc‹aliquid;
565 480 719 539 larg-ine
735 479 883 538 inopi,
900 493 957 521 ne
974 477 1302 536 pictusoberret

176 560 363 604 Caemlen
378 559 426 600 in
442 557 602 600 tabula.
624 555 709 599 Sed
728 571 895 598 coenam
915 554 1078 597 funeris
1101 555 1224 596 heres

178 636 399 695 Negliget‚
416 636 550 677 iratus
574 633 694 692 qubd
715 648 806 676 rem
831 631 1086 685 curtaveris3
1104 646 1224 673 urnae

180 713 286 754 Ossa
306 711 490 754 inodora
511 710 653 764 dabit,
670 725 744 752 seu
764 709 929 768 spirent
946 708 1146 749 cinnama
1163 706 1345 749 surdum
1357 738 1370 759 ,
1425 710 1468 746 35

180 787 267 831 Seu
287 801 431 831 ceraso
454 797 631 848 peccent
648 787 770 829 casiae
785 819 796 840 ‚

171 912 230 947 31.
249 913 341 946 Costa
356 913 465 956 ratis]
482 910 554 946 Pro
568 910 675 957 lignis
688 910 772 957 qui-

123 963 192 1000 bus
217 965 316 1000 navis
334 965 450 1000 latera
478 965 706 998 intexuntur.
725 983 774 989 —

125 1015 221 1052 Mne
236 1029 270 1052 et
285 1020 326 1057 de
342 1019 460 1062 cespite
476 1020 562 1051 vivo.
577 1016 679 1059 Quid
695 1029 772 1050 mo-

124 1073 233 1114 raris,
249 1071 368 1119 inquit
390 1075 522 1118 poeta,
536 1071 655 1104 ‘amico
679 1070 772 1104 inse-

123 1125 184 1160 lici
197 1125 305 1160 debes
318 1124 490 1172 opitulari
503 1149 515 1167 ,
529 1137 603 1158 non
622 1123 668 1158 de
688 1136 773 1171 prp-

124 1174 241 1213 ventu
263 1191 384 1213 annuo
410 1178 552 1221 solum3
575 1175 638 1212 sed
665 1186 702 1211 et
727 1176 773 1212 de

125 1231 212 1277 ipsis
236 1229 558 1274 saudim—cespite
583 1232 669 1263 vivo.
696 1229 773 1263 Hoc

127 1294 202 1326 est,
224 1283 270 1319 de
291 1293 407 1332 segete
433 1285 530 1332 ipsa,
550 1297 630 1331 quae
655 1281 772 1318 adhuc

127 1337 165 1371 in
184 1337 295 1372 herba
319 1339 570 1382 esu—cespes.
595 1337 659 1370 Est
681 1345 773 1371 terra

128 1403 212 1424 eum
228 1391 400 1438 gramine.
422 1391 463 1425 P.

175 1442 235 1477 32.
252 1443 312 1477 Ne
326 1438 437 1487 'pictus
459 1445 700 1487 oberretyeec]
718 1442 773 1477 Ne

127 1504 276 1543 cogatur
296 1495 534 1530 mendicando
549 1495 687 1530 victum
705 1495 773 1528 sibi

129 1561 288 1595 quaerere
299 1573 311 1591 ,
329 1548 386 1582 sni
408 1547 584 1594 naufragii
602 1547 774 1582 exhibens

127 1601 334 1648 imaginem,
341 1613 387 1636 ex
395 1612 495 1635 more
504 1602 773 1648 naufragorum.

127 1652 214 1688 vid.
226 1667 307 1702 sup.
326 1663 388 1689 sat.
402 1655 440 1696 1,
455 1667 491 1688 v.
507 1667 574 1700 90,
589 1663 625 1689 et
641 1655 773 1689 Juven.

130 1715 196 1741 sat.
212 1707 317 1749 XIV,
329 1720 367 1741 v.
382 1707 463 1742 301.

179 1760 236 1795 33.
261 1763 407 1794 caeruloa
426 1762 460 1794 in
474 1762 620 1807 pabula]
639 1760 777 1794 Tabula

131 1812 266 1848 dicitur
283 1817 423 1863 ezer-ulei:
432 1840 444 1854 ,
457 1823 608 1861 propter
621 1814 778 1848 colorem

132 1864 238 1900 maris
238 1866 348 1927 ‘quod
360 1866 520 1901 exhibet.
530 1886 575 1892 —-
582 1869 646 1899 Sed
654 1879 778 1899 coenam

123 1919 160 1962 f
150 1932 257 1951 mens
286 1920 399 1959 heres,
422 1930 483 1953 etc.
511 1919 642 1966 Tangit
671 1919 779 1953 simul

133 1971 376 2018 quorumdam
412 1985 600 2007 avarorum
634 1972 781 2006 dernen-

133 2025 243 2066 tiam,
260 2025 350 2071 qui,
370 2025 419 2059 ait
443 2025 568 2059 Senec.
592 2034 633 2059 nt
656 2015 782 2059 heredi

133 2089 200 2111 suo
224 2086 446 2124 procurent,
461 2078 529 2111 sibi
551 2087 682 2125 negant
704 2091 782 2112 om·

110 2149 116 2154 ·
133 2130 195 2164 nia
203 2139 262 2174 3et
274 2129 482 2165 aviditatem
490 2131 783 2178 heredipetarum

133 2183 240 2218 bonis
247 2183 613 2225 futurisinhiantium,
620 2185 784 2232 qni‚c1'1m

134 2245 215 2271 snas
233 2246 314 2284 spes
335 2236 473 2277 delusas
488 2237 635 2279 vident,
651 2238 779 2273 funera

79 2310 82 2312 Δ
134 2291 335 2325 amicorum
352 2291 551 2348 negligunt.
571 2291 780 2338 Respondet

136 2341 248 2403 igitur
261 2355 409 2377 avarus:
424 2352 467 2382 at
473 2338 598 2386 enim,
613 2344 642 2378 si
660 2344 707 2378 ita
721 2357 781 2390 pa·

137 2395 350 2431 trimonium
371 2397 567 2439 effuderis,
588 2398 701 2432 iratus
722 2400 783 2432 he·

99 2455 102 2459 ¹
139 2458 195 2480 res
204 2471 215 2488 ,
226 2448 295 2481 ob
285 2448 515 2484 imminutam
526 2449 761 2483 hereditatem
771 2473 782 2490 ,

131 2507 287 2533 *mortuo
306 2500 371 2534 tibi
381 2501 476 2546 justa
489 2514 563 2537 non
582 2501 782 2547 persolvet,

141 2559 306 2597 sumptus
329 2554 471 2587 orhittet
486 2578 498 2596 ,
529 2562 566 2588 et
591 2562 783 2600 apparatus

820 786 987 828 nescire
1008 795 1195 843 paratus.
1235 797 1238 799 ·

825 908 1005 944 funebres.
1016 907 1130 941 Porro
1143 906 1296 941 ridicula
1306 906 1389 941 satis
1397 914 1474 940 erat

826 959 1066 1008 quorumdam
1091 960 1263 1001 ambitio,
1284 960 1371 1007 qui,
1388 961 1472 993 cum

824 1015 1017 1062 ingloriose
1032 1014 1224 1055 vixissent,
1243 1013 1474 1060 magnificum

825 1069 895 1102 sibi
909 1069 1019 1102 funus
1033 1066 1118 1102 duci
1137 1075 1172 1101 et
1191 1067 1330 1114 parari,
1348 1066 1475 1112 impri-

825 1122 893 1156 mis
905 1121 1030 1156 ferales
1042 1121 1164 1168 epulas
1177 1130 1213 1156 et
1226 1119 1455 1154 novendiales
1463 1145 1475 1162 ,

826 1174 957 1210 instrui
970 1184 1159 1222 cuperent.
1170 1195 1219 1200 -——
1230 1175 1360 1206 Coeuam
1369 1174 1474 1217 fime-

826 1231 883 1262 ris.
910 1227 1140 1262 Silicernium
1171 1226 1339 1274 intelligit
1354 1251 1366 1267 ,
1394 1239 1474 1273 quae

825 1295 925 1317 coena
964 1282 1003 1316 in
1042 1290 1269 1318 mortuorum
1307 1281 1474 1315 solatium

824 1334 902 1368 Diis
914 1334 1321 1374 Manibus-inferebatur
1331 1359 1342 1375 ‚
1357 1341 1393 1367 et
1404 1345 1475 1366 una

826 1401 911 1422 eum
928 1387 1056 1422 funere
1072 1387 1297 1422 cremabatur
1310 1399 1322 1430 ;
1337 1386 1393 1420 vel
1410 1399 1476 1432 po·

826 1441 900 1475 tius
913 1439 1039 1487 epulas
1051 1439 1284 1474 novendiales
1295 1465 1307 1482 ,
1320 1441 1477 1473 circum-

826 1495 1030 1542 potntiones
1053 1518 1065 1535 ,
1102 1491 1300 1540 περίδειπνα
1333 1492 1445 1527 dictas
1466 1517 1475 1524 .

828 1560 907 1594 qua>
935 1547 1057 1582 amicis
1087 1555 1123 1580 et
1151 1546 1369 1593 propinquis
1395 1554 1478 1592 post

827 1601 994 1649 exequias
1030 1599 1209 1634 dabantur
1227 1626 1238 1640 ‚
1268 1600 1306 1634 in
1345 1600 1479 1645 quibus

828 1653 965 1687 mortui
988 1652 1112 1687 laudes
1138 1652 1281 1687 recitari
1303 1660 1378 1685 erat
1402 1663 1480 1684 mo-

829 1706 890 1740 ris.
912 1706 958 1744 P.K
973 1714 1008 1740 et
1025 1707 1067 1739 A.

879 1758 938 1799 34.
957 1760 1055 1801 Quod
1064 1771 1131 1791 rem
1148 1757 1346 1803 curtaveris]
1367 1756 1479 1798 Qubd

832 1821 974 1847 tantum
993 1811 1039 1846 de
1056 1811 1205 1858 speratis
1223 1811 1328 1844 bonis
1345 1809 1482 1844 detrac-

832 1875 913 1901 tum
932 1866 1151 1899 sin—Una
1169 1878 1240 1898 ossa
1264 1864 1402 1898 modom
1421 1866 1482 1896 da-

836 1922 891 1952 bit.
919 1918 1068 1953 Cineres
1092 1917 1352 1958 defunctorum
1380 1930 1482 1951 urnae

833 1971 1010 2006 immissos
1025 1997 1036 2014 ‚
1064 1972 1102 2006 in
1134 1971 1326 2019 sepulchro
1357 1970 1483 2004 solitos

821 2023 963 2065 ³condi‚
978 2024 1117 2058 nemini
1140 2036 1215 2057 non
1237 2031 1481 2070 compertum,

834 2099 882 2104 -
894 2082 971 2111 Ossa
983 2079 1133 2111 inodora.
1149 2077 1234 2111 Sine
1252 2077 1335 2110 ullis
1346 2089 1485 2110 aroma-

836 2131 946 2166 tibus.
962 2132 1003 2166 Δ.

884 2183 943 2217 35.
958 2186 1018 2215 Seu
1029 2183 1152 2225 spirent
1162 2182 1316 2214 cinnama
1329 2182 1486 2222 sardana}

831 2234 935 2270 Ordo
961 2244 1013 2269 est
1028 2248 1037 2268 ε
1070 2235 1183 2268 iratus
1201 2234 1305 2267 heres
1318 2258 1328 2273 ‚
1348 2242 1486 2275 paratu>-

833 2291 974 2328 nescire,
991 2288 1030 2322 id
1044 2297 1096 2322 est
1108 2313 1119 2329 ‚
1133 2299 1263 2334 parum
1278 2297 1427 2327 curans,
1442 2298 1487 2318 au

834 2342 995 2376 cinnama
1006 2366 1016 2381 ‚
1031 2341 1309 2374 etc.-Cinnama
1325 2345 1361 2370 et
1379 2338 1485 2369 casioe.

836 2392 1118 2441 Synecdochice,
1133 2404 1200 2437 pro
1216 2389 1315 2423 omni
1328 2397 1485 2423 aromate
1535 2405 1538 2410 ·

835 2454 1037 2492 ponuntur.
1047 2465 1093 2469 —
1103 2446 1242 2487 Spirent.
1259 2469 1267 2475 .
1283 2468 1292 2476 .
1307 2468 1316 2476 .
1338 2445 1484 2476 surdum.

836 2499 996 2533 Odorem
1012 2498 1186 2531 obtusum
1198 2522 1209 2539 ,
1228 2496 1487 2530 insensibilem.

885 2552 944 2597 36.
956 2556 1016 2584 Seu
1026 2559 1278 2594 cerasopeccent
1285 2551 1408 2594 casim]
1417 2549 1492 2583 Vel

189 2664 234 2693 V.
255 2663 309 2693 31.
325 2663 425 2694 Ratis.
440 2646 536 2695 Navis
548 2676 611 2707 pro
627 2665 706 2695 ratis
718 2663 816 2694 habet
834 2663 909 2694 cod.
924 2662 1053 2693 Thuan.
1066 2662 1172 2701 Male,
1185 2669 1324 2705 propter
1335 2669 1487 2694 metrum.

190 2721 234 2749 V.
256 2720 312 2750 32.
332 2720 394 2752 Ne.
417 2723 466 2752 Ita
488 2733 602 2754 omnes
630 2722 748 2765 optimi
776 2721 873 2753 codd.
896 2720 1060 2753 Nonnulli
1085 2732 1156 2752 nec.
1179 2722 1258 2752 Tres
1282 2721 1357 2761 alii,
1376 2732 1487 2752 nunc:

144 2772 227 2804 male
237 2794 246 2812 ,
261 2779 401 2817 propter
418 2784 561 2805 sensum.
