1846 3184
210 386 312 400 m

561 383 622 396 m

873 380 1537 398 mmmmmmwmsm

452 501 831 559 SATIRAE
881 501 1290 575 QUINTAE

590 630 1151 675 ARGUMENTUM.

302 772 549 795 connotat
572 772 769 794 LAUDAKS
793 771 960 793 Artax?
983 772 1249 794 rtnubran
1275 773 1444 795 slavos.

261 864 582 904 Praesmnaissimae
608 865 727 915 hujus
755 865 878 902 satirae
909 864 997 902 duae
1031 873 1120 902 sunt
1148 873 1288 915 partes.
1319 868 1365 903 In
1391 867 1519 918 priore
1531 894 1544 914 ‚

210 947 299 986 qnae
321 934 479 972 alterius
502 942 560 971 est
578 934 700 971 veluti
726 934 980 984 prooemium,
998 935 1140 971 amoris
1164 935 1224 971 sui
1248 936 1288 972 in
1305 937 1522 974 Cornutum
1535 965 1547 983 ,

211 1013 488 1056 praeceptorem
502 1005 637 1051 suum,
654 1003 934 1042 vehementiam
950 1005 1119 1055 primum
1138 1005 1306 1043 ostendit
1324 1006 1340 1056 (
1356 1020 1371 1042 1
1384 1027 1438 1035 —
1448 1020 1496 1044 20
1507 1007 1546 1057 );

212 1075 353 1113 deinde
362 1074 600 1126 diligentiam
612 1073 718 1111 illius
729 1075 768 1111 in
782 1088 822 1112 se
835 1074 1037 1112 educando
1048 1103 1060 1121 ‚
1076 1088 1269 1126 suumque
1280 1076 1447 1113 vicissim
1461 1090 1550 1127 erga

212 1144 329 1182 illum
348 1157 520 1182 amorem
539 1151 816 1181 commemorat
837 1144 906 1194 (31
920 1143 1084 1194 —52);
1106 1144 1275 1195 denique
1302 1145 1436 1182 laudes
1458 1147 1551 1182 Cor-

214 1214 302 1252 nuti
325 1222 365 1252 et
386 1215 506 1252 totius
526 1214 615 1252 vitae
639 1213 744 1251 illius
770 1214 1051 1251 institutionem
1078 1214 1279 1265 subjungit
1293 1243 1305 1261 ‚
1323 1228 1367 1252 ac
1387 1216 1552 1266 juvenes

215 1283 413 1329 hortatur,
435 1291 480 1320 ut
508 1291 616 1321 tanto
633 1284 716 1321 viro
741 1283 783 1320 in
809 1283 1053 1334 disciplinam
1078 1296 1118 1321 se
1145 1283 1289 1321 dedant
1309 1285 1549 1335 (33—72).

214 1352 312 1390 Inde
327 1352 371 1390 fit
386 1353 566 1390 transitus
579 1352 629 1389 ad
641 1352 894 1402 posteriorem
906 1353 1029 1389 satirae
1040 1361 1200 1403 partem,
1210 1352 1270 1390 his
1282 1353 1409 1390 verbis
1422 1368 1431 1390 :
1447 1355 1555 1390 liber-

216 1430 297 1458 tate
320 1435 416 1471 opus
438 1430 497 1458 est
519 1422 635 1472 (73).
660 1421 722 1459 Ibi
743 1422 828 1459 fuse
859 1429 1043 1459 u-actatur
1065 1422 1287 1472 paradoxon
1311 1422 1553 1473 praecipuum

215 1492 427 1530 stoicorum
442 1520 453 1539 ,
465 1492 468 1495 ’
481 1491 627 1529 scilicet
651 1506 661 1529 :
690 1505 821 1529 omnes
834 1521 849 1538 ,
869 1501 1023 1541 proetet·
1047 1494 1258 1541 sapientem
1270 1520 1282 1537 ,
1300 1505 1425 1529 servos
1444 1506 1525 1530 esse
1535 1508 1551 1538 ;

218 1562 407 1599 neminem
417 1589 431 1607 ‚
454 1563 531 1598 nisi
550 1562 786 1611 sapientem,
808 1562 977 1598 liberum.
1002 1563 1175 1599 Primum
1196 1562 1245 1599 de
1265 1575 1353 1599 vera
1377 1562 1555 1600 libertate

214 1631 353 1683 agitur.
362 1630 455 1669 Scil.
465 1644 561 1668 vana
573 1632 790 1669 caerimonia
802 1660 813 1677 ‚
828 1644 906 1669 non
924 1645 1069 1669 meram
1082 1631 1299 1669 libertatem
1316 1632 1393 1669 dat.
1409 1634 1530 1669 Dama
1540 1661 1552 1677 ‚

216 1700 335 1751 paulo
355 1709 443 1738 ante
463 1714 613 1746 servus,
635 1709 841 1752 postquam
862 1702 968 1752 virga
986 1701 1162 1738 Praetoris
1180 1715 1270 1738 eum
1289 1701 1331 1739 in
1348 1715 1557 1739 numerum

217 1770 360 1808 civium
378 1770 538 1807 adscivit
550 1799 560 1814 ,
577 1771 620 1807 fit
640 1772 797 1807 Marcus
806 1799 820 1816 ‚
843 1770 884 1807 id
900 1777 979 1816 est,
998 1772 1217 1807 Romanus:
1238 1783 1336 1808 anne
1352 1770 1441 1808 ideo
1458 1770 1558 1808 liber

218 1841 301 1877 est?
318 1841 493 1878 Minime.
512 1843 620 1895 Mera
637 1840 794 1878 libertas
812 1840 894 1878 haec
915 1848 996 1877 est:

405 1925 460 1959 Ne
476 1925 582 1959 liceat
601 1926 715 1960 facere
731 1925 771 1959 id
790 1925 891 1972 quod
910 1926 991 1973 quis
1007 1926 1143 1960 vitiabit
1161 1926 1300 1974 agendo

220 2009 337 2060 (97).
356 2009 413 2046 Sit
430 2009 607 2047 modicus
618 2010 696 2046 voti
708 2038 719 2055 ‚
739 2009 905 2060 simplici
922 2023 966 2047 ac
985 2009 1125 2061 frugali
1141 2011 1217 2047 vita
1229 2040 1240 2057 ‚
1261 2011 1386 2048 dulcis
1403 2011 1557 2055 amicis,

221 2078 271 2116 sit
287 2091 448 2129 parcus,
468 2091 540 2116 nec
558 2092 714 2125 avarus;
736 2087 820 2116 tum
845 2082 967 2117 Dama
989 2079 1098 2118 liber.
1121 2083 1173 2118 At
1195 2083 1232 2117 si
1240 2083 1470 2130 pelliculam
1487 2095 1558 2118 ve-

221 2157 336 2186 terem
356 2151 512 2195 retinet,
532 2158 573 2185 et
590 2158 756 2186 astutam
783 2152 940 2199 vulpem
967 2160 1095 2187 servat
1116 2152 1185 2187 sub
1208 2160 1387 2200 pectore,
1413 2151 1453 2188 id
1476 2159 1555 2195 est,

219 2218 254 2255 si
277 2218 438 2264 iisdem,
459 2219 601 2269 quibus
628 2227 762 2264 antea,
782 2220 884 2256 vitiis
912 2220 1075 2257 obrutus
1099 2216 1183 2266 est;
1203 2229 1288 2257 tum
1315 2222 1436 2256 Dama
1465 2219 1558 2256 civis

222 2288 349 2326 factus
379 2289 496 2326 etiam
526 2300 656 2326 servus
688 2296 757 2326 est.
786 2289 1122 2339 Digitum‘exerat
1140 2317 1151 2334 ,
1178 2296 1335 2339 peccat;
1362 2289 1474 2338 cujus
1497 2287 1560 2324 vel

221 2357 373 2395 minimi
391 2358 578 2396 momenti
594 2365 703 2395 actus
722 2366 813 2395 sunt
831 2366 1010 2409 peccata;
1031 2358 1215 2408 quoniam
1235 2371 1256 2394 e
1270 2357 1459 2401 vanitate,
1478 2369 1559 2394 non

222 2440 246 2465 e
257 2428 440 2478 sapientia
451 2436 582 2466 ortum
594 2437 753 2466 sumunt
766 2429 812 2478 (7
820 2428 840 2464 3
851 2449 904 2456 —
916 2442 931 2464 1
939 2429 987 2464 23
998 2429 1026 2477 ).
1040 2430 1139 2464 Vera
1152 2427 1307 2463 libertas
1321 2427 1363 2463 in
1374 2426 1559 2464 vitiorum

222 2497 317 2548 fuga
339 2485 512 2536 consistit
528 2513 537 2535 ε
559 2498 664 2536 unde
682 2511 763 2535 non
786 2498 914 2534 minus
934 2509 1064 2534 servus
1082 2497 1152 2546 qni
1174 2496 1287 2533 servit
1307 2496 1471 2534 avaritiae
1490 2510 1561 2534 ur-

224 2567 350 2618 genti,
367 2569 485 2618 quam
500 2581 619 2619 quem
638 2575 765 2604 metus
782 2567 861 2616 agit
879 2565 1011 2602 herilis
1026 2565 1124 2614 (123
1135 2586 1188 2593 -—
1201 2566 1319 2615 139);
1336 2579 1416 2603 non
1431 2566 1560 2603 minus

224 2636 342 2673 miser
355 2637 423 2687 qui
434 2664 445 2682 ‚
461 2638 666 2675 immemor
681 2636 766 2681 leti,
785 2635 948 2673 luxuriae
964 2634 1208 2684 obsequitur,
1226 2643 1264 2671 et
1285 2634 1445 2672 fluctuat
1461 2635 1561 2673 inter

226 2705 385 2744 consilia
411 2707 577 2745 avaritiae
606 2715 652 2745 ut
674 2705 806 2758 vigilet
835 2704 1030 2743 suadentis
1050 2733 1061 2751 ‚
1088 2712 1126 2742 et
1153 2704 1352 2756 illecebras
1382 2705 1561 2744 mollitiei

1300 2780 1325 2820 8
