1846 3184
325 329 405 375 152
666 333 719 377 A.
755 333 1000 378 PERSII
1036 336 1293 381 FLACCI

378 417 561 477 Indulge
577 417 741 461 Genio:
765 433 987 476 carpamus
1010 417 1178 463 dulcia:
1203 431 1400 464 nostrum
1421 430 1483 465 est

377 494 507 549 Quod
527 494 647 536 vivis.
672 494 814 545 Cinis;
831 505 874 535 et
891 509 1058 547 manes,
1078 506 1122 536 et
1138 496 1280 538 fabula
1299 496 1388 539 fies.

378 571 485 613 Vive
500 586 664 613 memor
680 571 772 612 leti:
791 570 900 628 fugit
916 570 1039 612 hora:
1055 571 1152 624 hoc,
1169 572 1286 630 quod
1298 574 1467 631 loquor,
1475 573 1575 616 inde
1589 585 1666 618 est.

376 647 444 688 En
456 679 468 699 ,
486 646 592 704 quid
610 644 731 704 agis?
748 646 925 703 Duplici
943 645 988 687 in
1007 646 1222 690 diversum
1240 649 1444 692 scindetis
1463 650 1605 694 hamo.

318 785 387 821 pro
401 781 497 808 cent.
518 784 560 807 ex
577 785 652 819 quo
671 772 789 806 statim
807 785 965 820 sumpse-

317 836 406 862 runt
419 826 451 870 Ξ,
461 836 535 860 cent
539 840 628 870 pour
634 834 716 859 cent.
726 827 780 865 At,
791 826 826 860 in
839 839 965 861 eorum

316 887 452 920 mente,
462 875 535 914 non
543 878 690 913 deberet
697 879 881 925 quincunx
889 879 968 914 red·

317 929 404 966 dere
425 931 588 979 quinque
607 944 774 965 nummos
798 945 867 979 pro
886 945 967 966 cen-

318 986 412 1020 tenis
435 999 446 1029 ;
475 985 539 1020 sed
568 995 607 1026 41
638 986 699 1020 liv.
725 983 748 1030 ξ
776 987 844 1033 pro
868 995 964 1021 cent.

317 1040 403 1072 cum
417 1040 587 1082 quincunx
605 1050 687 1072 cum
705 1051 779 1072 asse
798 1039 965 1082 collatus,

318 1091 501 1140 quinque·
515 1099 631 1138 partes
666 1091 828 1139 ejusdem
861 1092 966 1135 assis,

317 1146 421 1192 cujus
453 1147 564 1178 deun-2·
599 1144 768 1180 undecim
784 1172 795 1188 ‚
826 1148 965 1181 reserat.

317 1199 395 1240 Ita,
414 1199 473 1232 hic
497 1201 687 1242 quincunx,
709 1213 818 1246 quem
845 1203 968 1233 modes-

318 1262 386 1285 tum
401 1261 506 1287 vocat
528 1252 669 1286 Persius
687 1253 755 1287 erit
772 1254 847 1300 ipse
863 1262 967 1289 atrox

317 1318 428 1340 usura
441 1331 451 1348 ,
475 1316 515 1346 41
539 1305 563 1350 ξ
575 1319 643 1353 pro
666 1320 732 1341 100
744 1332 754 1347 ‚
769 1316 804 1341 et
823 1308 965 1351 illicita,

320 1356 421 1403 quod
445 1367 582 1392 constat
609 1371 655 1392 ex
682 1359 844 1404 legibus,
862 1373 967 1395 versu

317 1410 537 1456 praecedenti
555 1411 685 1446 citatis.
706 1412 836 1446 Forsan
853 1423 888 1447 et
906 1414 966 1448 ali-

320 1463 402 1509 quis
416 1463 504 1497 mihi
519 1464 685 1511 objiciet,
695 1464 765 1498 hoc
779 1465 875 1507 loco,
892 1479 966 1500 non

320 1515 366 1549 de
383 1515 526 1559 fenore,
538 1517 600 1551 sed
614 1517 659 1552 de
676 1521 875 1552 mercatura
888 1520 942 1566 agi
956 1532 965 1553 ε

317 1568 406 1602 huic
415 1569 656 1616 respondebo,
666 1583 776 1617 pauca
789 1584 861 1605 esse
871 1584 967 1606 com-

318 1621 541 1655 merciorum
563 1634 692 1668 genera
705 1647 716 1665 ,
731 1624 800 1657 nisi
821 1624 944 1658 illicita
954 1650 965 1666 ,

320 1685 401 1720 quae
414 1673 575 1708 modeste
588 1676 790 1716 nutriverint,
803 1677 860 1711 vel
868 1676 967 1723 apud

319 1727 520 1768 Romanos,
542 1732 583 1768 41
609 1741 678 1774 pro
703 1741 768 1763 100
781 1754 792 1771 ,
812 1738 848 1763 et
868 1733 966 1763 suda-

319 1782 424 1812 verint
450 1793 560 1814 assem
594 1794 662 1828 pro
690 1795 775 1816 asse.
805 1783 890 1817 Haec
919 1783 968 1817 ita

320 1833 393 1866 sint
405 1857 416 1874 ‚
433 1846 566 1875 necne,
591 1834 705 1869 lector
727 1835 886 1881 judicet:
903 1849 969 1871 nos

319 1885 436 1933 priori
457 1887 670 1921 assentimur
690 1889 911 1936 interpretat.
925 1893 968 1924 A.

371 1939 449 1973 151.
460 1942 598 1984 Indulge
609 1943 733 1986 Genia]
748 1942 832 1977 Vid.
842 1953 906 1978 sat.
919 1945 971 1984 II,

319 2004 359 2026 v.
383 1991 417 2025 3.
427 1994 631 2030 -Noscrum
651 2003 698 2026 esc
714 1998 806 2037 quod
816 1997 908 2029 vivis.
920 1997 972 2030 Ea

320 2044 471 2079 demum
481 2053 562 2091 prs
569 2046 651 2080 vitae
663 2054 733 2080 tuae
745 2060 852 2093 quam
862 2049 970 2091 mihi,

317 2097 360 2132 id
369 2107 432 2139 est,
438 2099 687 2144 voluptatibus
696 2100 971 2146 impendis,vera

318 2152 396 2186 vita
408 2161 470 2186 est.
480 2153 532 2187 Ita
544 2153 685 2187 luxuria
696 2179 706 2196 ,
720 2154 777 2188 cui
788 2155 907 2189 vivere
916 2155 970 2188 bi-

318 2206 407 2240 bere
417 2215 478 2244 est,
487 2215 522 2241 et
533 2206 649 2245 edere,
661 2216 770 2254 atque
777 2207 968 2245 ἡδυπαθεῖν.

371 2259 451 2293 152.
471 2260 556 2292 Ciuis
563 2274 579 2299 ,·
601 2269 634 2294 et
653 2273 763 2293 manes
773 2285 784 2299 ,
805 2270 839 2292 et
846 2261 971 2304 fabula

311 2313 405 2359 ᾔει]
422 2313 626 2360 Antequam
649 2313 832 2355 moriaris,
850 2313 971 2348 fruere

320 2366 392 2399 vita
410 2366 564 2414 vitaeque
586 2366 745 2410 deliciis;
766 2379 850 2401 nam
871 2367 971 2402 brevi

320 2419 367 2454 de
381 2428 416 2454 te
434 2428 553 2454 actum
568 2421 648 2454 erit.
665 2420 743 2455 Hoc
756 2419 800 2454 ad
814 2429 971 2455 mentem

320 2473 587 2520 Epicureorum
600 2499 610 2516 ‚
630 2475 693 2521 qui
716 2487 801 2509 cum
820 2487 972 2522 corpore

321 2534 358 2559 et
372 2527 525 2561 animam
540 2528 690 2565 interire
703 2535 831 2574 putant
845 2546 852 2560 =
871 2527 973 2575 quod

322 2580 402 2613 satis
427 2582 590 2627 loquenti
615 2581 785 2615 convenit
805 2581 971 2616 luxuriae.

323 2635 448 2667 —Fies
471 2638 560 2670 cinis.
582 2634 785 2680 Nimirum,
805 2647 847 2671 ex
871 2647 973 2670 more

1018 785 1175 811 cremato
1202 788 1353 824 corpore
1378 786 1444 813 tuo
1465 788 1547 826 post
1572 793 1666 815 mor-

1018 837 1090 863 tem
1099 854 1112 870 ,
1125 830 1215 864 cinis
1229 839 1367 866 tantum
1379 834 1665 868 restabit.—Ma-

1019 894 1082 913 nes.
1097 881 1231 916 Umbra
1241 883 1327 917 levis
1338 896 1405 930 per
1412 887 1593 921 tumulum
1603 899 1664 922 vo-

1018 930 1136 965 litans.
1145 936 1335 967 —Fabu1a.
1345 934 1494 970 Redihis
1508 938 1544 970 in
1560 938 1665 984 prius

1019 982 1175 1016 nihilum
1189 995 1198 1015 ε
1216 984 1292 1018 haec
1309 993 1362 1019 est
1379 986 1476 1021 enim
1494 996 1664 1023 catastro-

1018 1036 1091 1082 phe
1110 1036 1191 1070 vitae
1216 1049 1296 1082 quae
1311 1037 1444 1081 fizbuloe
1461 1039 1501 1074 in
1524 1040 1665 1076 mundo

1019 1089 1121 1124 velut
1135 1089 1171 1122 in
1187 1089 1328 1124 theatro
1346 1098 1382 1124 et
1399 1103 1501 1126 scena
1513 1102 1668 1139 peractae

1020 1143 1219 1189 comparari
1236 1144 1607 1193 solet.-Fab1dafies.
1619 1146 1666 1181 Id

1021 1204 1073 1230 est
1084 1221 1095 1238 ,
1110 1196 1183 1230 sola
1198 1197 1253 1231 tui
1266 1198 1438 1232 memoria
1451 1200 1596 1234 restabit
1605 1224 1616 1242 ‚
1631 1208 1668 1235 et

1021 1263 1139 1285 sermo
1158 1251 1275 1285 forsan
1295 1250 1341 1285 de
1360 1259 1395 1286 te
1413 1252 1608 1287 faciendus.
1623 1253 1667 1288 P.

1021 1322 1035 1335 ι
1046 1325 1092 1330 -
1103 1306 1189 1338 Cinis
1199 1318 1273 1339 non
1290 1305 1379 1340 dicit
1387 1331 1398 1348 ‚
1412 1319 1493 1341 meo
1504 1306 1644 1354 judicio
1655 1332 1669 1350 ‚

1023 1374 1037 1387 ι
1053 1357 1091 1391 in
1111 1356 1237 1391 eodem
1258 1371 1365 1392 sensu
1387 1372 1462 1406 quo
1475 1359 1669 1403 Horatius,

1023 1428 1038 1441 ι
1046 1413 1152 1454 pulvis
1163 1421 1196 1444 et
1207 1414 1321 1445 umbra
1330 1425 1436 1446 sumus
1445 1438 1457 1452 ,
1476 1425 1586 1447 carm.
1598 1414 1668 1456 IV,

1023 1481 1038 1494 ι
1054 1472 1074 1510 7
1087 1478 1097 1507 ;
1114 1463 1175 1499 sed
1190 1467 1270 1498 cinis
1283 1474 1335 1500 est
1347 1478 1416 1513 pro
1427 1476 1579 1500 momms-
1592 1467 1647 1502 Ita
1656 1479 1667 1500 ι

1022 1535 1037 1548 ι
1052 1519 1135 1552 cum
1157 1527 1325 1553 mortuus
1351 1519 1442 1559 eris,
1461 1527 1497 1553 et
1517 1520 1555 1554 in
1574 1520 1671 1555 cine-

1022 1585 1036 1598 ι
1051 1581 1129 1602 rem
1141 1568 1306 1603 redactus
1317 1594 1328 1611 ,
1343 1577 1432 1603 tunc
1443 1583 1554 1603 manes
1565 1579 1601 1604 et
1603 1572 1667 1614 fa-

1021 1637 1036 1652 -
1054 1621 1216 1668 bulafies.
1236 1622 1426 1668 Eleganter
1446 1631 1567 1657 autem
1586 1625 1670 1657 vivis

1023 1691 1038 1705 ι
1053 1683 1087 1709 et
1099 1676 1178 1708 cinis
1189 1683 1440 1722 opponuntur.
1454 1692 1469 1706 a·
1486 1679 1547 1720 Eq.
1563 1677 1667 1721 Cmfi.

1019 1729 1095 1775 Ego
1114 1729 1200 1762 huic
1218 1728 1425 1770 doctoviro
1447 1742 1598 1777 prorsus
1618 1742 1670 1764 as-

1020 1781 1176 1824 sentior;
1195 1789 1236 1815 ut
1258 1782 1303 1815 sit
1324 1793 1446 1815 sensus
1458 1806 1470 1824 ,
1489 1782 1583 1816 Gall.
1607 1795 1671 1815 une

1012 1835 1084 1877 fois
1100 1843 1204 1873 mort,
1218 1836 1243 1867 il
1255 1848 1297 1869 ne
1312 1844 1433 1868 restera
1443 1837 1520 1879 plus
1533 1837 1573 1868 de
1584 1848 1669 1869 vous
1684 1864 1689 1869 ,

1023 1883 1144 1930 qu³une
1157 1890 1266 1920 ambre
1277 1889 1381 1932 le'gere
1389 1912 1401 1927 ,
1417 1901 1461 1921 un
1474 1888 1588 1932 simple
1596 1902 1671 1922 sou-

1022 1942 1119 1974 venir.
1132 1940 1222 1975 Ideo
1239 1953 1389 1988 quoque
1401 1942 1671 1989 interpunctio-

1023 2005 1108 2027 nem
1127 1990 1277 2037 mutavi.
1293 1995 1335 2027 A.

1074 2047 1116 2078 15
1121 2043 1154 2078 3.
1183 2047 1216 2076 V
1212 2047 1259 2077 ι’νε
1285 2058 1407 2079 memor
1433 2046 1521 2091 leti.]
1540 2045 1671 2082 Horat.

1023 2096 1085 2129 lib.
1101 2097 1157 2137 11,
1172 2106 1237 2131 sat.
1254 2099 1296 2131 6:

1025 2149 1104 2179 Vive
1116 2160 1234 2180 memor
1251 2151 1343 2191 qnam
1365 2151 1406 2181 sis
1424 2151 1480 2183 aevi
1493 2152 1607 2182 brev-is.
1620 2174 1628 2182 .
1641 2175 1650 2182 .
1663 2175 1671 2182 .

1023 2203 1165 2246 —Fugit
1173 2204 1266 2235 liora.
1279 2201 1403 2237 Horat.
1414 2203 1476 2236 lib.
1485 2202 1538 2246 II,
1553 2203 1612 2237 od.
1626 2203 1644 2238 5
1657 2215 1666 2235 :

1145 2254 1247 2284 Currit
1259 2255 1340 2284 enim
1356 2255 1443 2284 ferox
1457 2262 1539 2285 aetas.

1022 2318 1167 2355 ——Hoc,
1187 2319 1280 2360 quod
1297 2320 1433 2360 loquor,
1450 2319 1525 2350 inde
1539 2327 1593 2351 est.
1611 2317 1670 2352 Sic

1024 2368 1188 2404 satiricus
1206 2374 1351 2404 nosterz‘

1023 2430 1067 2459 Le
1085 2435 1222 2459 moment
1238 2427 1280 2458 οὺ
1300 2429 1331 2467 je
1350 2427 1435 2468 pax-le
1452 2434 1498 2457 est
1517 2427 1588 2468 deja
1605 2428 1672 2459 loiu

1107 2475 1146 2505 de
1159 2475 1234 2505 moi.
1257 2476 1292 2505 P.
1307 2481 1338 2504 et
1348 2476 1386 2504 A.

1076 2530 1155 2569 154.
1175 2531 1244 2568 En,
1265 2527 1466 2573 quidagis³]
1490 2527 1671 2562 Hactenus

1026 2581 1276 2630 prosopopoeia
1286 2590 1322 2616 et
1336 2580 1496 2628 dialogus
1508 2581 1605 2615 inter
1612 2580 1671 2614 lu-

1026 2635 1167 2669 xuriam
1186 2642 1221 2669 et
1246 2634 1467 2681 mancipium
1489 2635 1588 2681 ejus;
1611 2633 1671 2667 hic

369 2754 410 2783 V.
430 2754 503 2786 153.
518 2756 597 2795 Hoc,
614 2756 705 2799 quod
719 2757 845 2799 loquor.
860 2755 941 2790 Cod.
955 2754 1085 2788 Thuau.
1099 2761 1132 2788 et
1148 2754 1306 2788 nonnulli
1323 2754 1397 2794 alii,
1411 2752 1500 2795 lcaec,
1514 2764 1577 2798 pro
1591 2752 1669 2786 Ιιοσ.
