1846 3184
295 347 321 392 8
438 346 708 392 SATIRAE
740 348 988 392 PRIMAE
1018 348 1508 394 ARGUMENTUM.

290 431 383 469 ciles
395 439 433 469 et
446 440 601 470 tenuem
614 445 752 470 sonum
765 432 919 470 edentes
934 445 1068 480 voces;
1085 434 1125 471 in
1136 433 1395 480 auditoribus,
1410 433 1620 485 applausus

289 502 428 539 nimios
455 510 493 539 et
518 502 754 548 inconditos,
773 502 922 540 lascivis
946 503 1116 540 motibus
1143 516 1363 555 expressos,
1387 513 1425 541 et
1450 504 1618 541 scelestae

287 572 480 624 recitantis
506 573 758 624 impudicitiae
788 573 884 611 mire
921 582 1194 612 consentaneos
1219 588 1227 611 :
1258 587 1344 624 quae
1370 574 1496 611 omnia
1523 574 1620 612 salse

287 643 501 680 admodum
527 652 565 680 et
592 643 739 681 satirice
767 644 959 695 exagitans
985 645 1173 696 percurrit
1195 645 1365 691 Persius,
1386 645 1426 681 in
1447 644 1519 682 hac
1539 645 1621 682 fes-

287 712 471 749 tivissima
493 713 603 749 satira
616 742 626 758 ‚
644 713 684 750 in
700 726 800 764 qua,
821 713 893 750 sub
918 714 1044 765 specie
1069 727 1183 751 suum
1202 714 1250 751 de
1269 714 1392 751 satiris
1410 713 1622 751 scribendis

287 781 493 820 consilium
514 780 754 828 declarandi,
774 783 835 820 vel
854 783 984 834 potius
1004 797 1091 821 suas
1110 790 1235 835 partes
1255 791 1388 821 contra
1405 781 1535 821 futiles
1553 782 1622 820 ad-

286 853 442 889 versarii
470 852 671 904 cujusdam
698 853 979 890 observationes
1008 853 1264 900 defendendi,
1289 852 1410 890 malos
1436 853 1495 890 sm·
1521 860 1621 890 tem—

286 923 392 973 poris
410 924 541 973 poetas
553 951 564 968 ‚
581 931 620 959 et
636 922 825 973 imprimis
844 924 1037 960 Neronem
1054 923 1182 974 ipsum
1200 923 1471 974 imperatorem
1485 935 1621 960 eorum

286 992 537 1043 coryphaeum
567 992 688 1043 carpit
722 1001 837 1042 atque
867 991 1060 1030 dilacerat.
1095 993 1210 1030 Istius
1239 993 1363 1030 simile
1395 993 1473 1031 fere
1502 1006 1620 1044 argu-

285 1070 462 1099 mentum
484 1062 606 1099 satirae
624 1062 838 1099 Horatianae
851 1090 862 1107 ,
883 1061 951 1099 lib.
974 1063 1013 1099 ΙΙ
1028 1091 1039 1108 ,
1060 1070 1129 1100 sat.
1154 1076 1196 1109 1;
1217 1062 1390 1100 similiter
1405 1062 1559 1107 accedit·
1570 1062 1622 1100 ad

284 1132 451 1183 primam
476 1132 597 1169 nostri
614 1131 808 1169 Juvenalis
830 1146 839 1167 ε
866 1131 933 1169 sed
959 1131 1134 1169 diversus
1160 1132 1317 1182 utrique
1334 1132 1409 1169 fuit
1434 1131 1622 1179 tractandi

284 1202 439 1239 modus.
467 1189 672 1240 Horatiana
702 1203 814 1240 satira
843 1203 891 1240 ad
918 1206 1072 1253 poetam
1101 1203 1251 1254 ipsum,
1279 1210 1318 1239 et
1347 1202 1396 1239 ad
1432 1202 1624 1240 suumin

285 1272 521 1310 adversarios
548 1272 684 1310 odium
711 1272 789 1309 fere
818 1280 899 1309 tota
927 1273 1105 1323 respicit3
1133 1281 1171 1310 et
1200 1280 1257 1309 est
1285 1280 1414 1310 tamen
1435 1272 1534 1324 jocis
1561 1285 1624 1312 re-

285 1342 383 1379 ferta
411 1351 450 1379 et
479 1343 635 1388 festiva,
659 1351 774 1393 atque
804 1343 919 1380 etiam
943 1343 1128 1380 Persianae
1154 1343 1254 1393 stylo
1279 1343 1484 1394 superior:
1511 1343 1624 1381 satira

283 1412 480 1449 Juvenalis
499 1412 548 1449 ad
566 1425 691 1450 mores
713 1412 940 1463 depravatos
960 1414 1245 1458 Romanorum;
1267 1420 1323 1449 est
1349 1413 1564 1463 gravitatiS‚
1583 1421 1623 1450 et

284 1481 559 1533 indignationis
577 1482 709 1533 plena3
726 1483 888 1520 formam
910 1483 1113 1520 oratoriam
1132 1495 1210 1532 prae
1230 1495 1269 1519 se
1288 1482 1382 1527 fert,
1399 1490 1445 1519 ut
1462 1482 1625 1520 decebat

284 1565 387 1602 opus
421 1544 661 1589 satiricorum
691 1552 898 1603 principis,
923 1552 1091 1603 publicae
1121 1551 1308 1589 libertatis
1338 1564 1381 1589 ac
1409 1551 1623 1602 disciplinae

284 1622 498 1659 defensoris
527 1623 702 1660 acerrimi
726 1636 735 1658 :
765 1622 940 1660 Persiana
969 1631 1099 1661 autem
1130 1623 1309 1674 sapientis
1341 1630 1380 1660 et
1407 1622 1622 1660 litterarum

284 1692 535 1729 amantissimi
554 1705 598 1729 ac
618 1691 873 1743 philosophiae
898 1692 1045 1729 alumni
1073 1705 1172 1742 opus
1200 1700 1278 1738 est,
1299 1692 1367 1742 qui
1394 1700 1622 1743 corruptum

285 1774 504 1799 sermonem
521 1775 600 1799 non
614 1763 743 1799 minus
759 1762 884 1809 dolet,
901 1760 1020 1813 quam
1034 1775 1160 1800 mores
1176 1762 1360 1813 perditos.
1374 1764 1516 1800 Sensus
1531 1762 1621 1800 inde

285 1841 413 1871 rectus
427 1861 437 1879 ‚
452 1832 646 1883 judicium
666 1846 840 1870 severum
853 1861 865 1878 ‚
886 1833 1007 1870 ironia
1026 1833 1121 1870 salsa
1145 1840 1184 1870 et
1209 1832 1370 1870 mordax
1386 1832 1620 1883 aliquando,

285 1910 454 1942 attamen
465 1904 597 1954 jocosa
617 1912 655 1940 et
676 1912 906 1955 temperata,
923 1904 964 1941 in
986 1904 1051 1941 illa
1070 1904 1181 1941 satira
1196 1903 1441 1954 potissimum
1457 1903 1620 1954 fulgent.

284 1973 479 2009 Caeterum
493 2001 504 2018 ‚
527 1973 559 2009 si
572 1981 726 2010 -attente
750 1973 998 2025 perpenderis
1023 1982 1061 2010 et
1091 1987 1138 2010 ex
1161 1982 1293 2011 nostro
1320 1973 1620 2020 commentario,

285 2050 327 2086 et
357 2056 404 2079 ex
435 2051 564 2080 nostra
597 2043 741 2094 dialogi
773 2044 896 2082 forma
931 2052 970 2082 et
1003 2044 1248 2082 distinctione
1267 2072 1278 2090 ‚
1309 2057 1390 2082 non
1420 2051 1620 2094 tantopere

285 2112 474 2150 obscurus
485 2113 681 2151 videbitur
693 2121 840 2159 noster,
852 2122 1088 2165 quantopere
1105 2113 1180 2151 sibi
1191 2114 1384 2151 finxerunt
1394 2113 1620 2163 interpretes

285 2181 490 2228 nonnulli3
509 2180 621 2228 cum,
648 2183 679 2220 si
706 2197 831 2221 unum
855 2183 1048 2234 exceperis
1074 2183 1204 2220 locum
1228 2183 1273 2233 (a
1290 2195 1403 2220 versu
1423 2181 1472 2219 50
1491 2194 1619 2234 usque

285 2251 335 2288 ad
357 2251 404 2288 53
419 2279 430 2298 ‚
451 2265 569 2304 quem
589 2254 763 2304 suspicor
781 2253 1077 2306 interpolatum,
1097 2261 1164 2290 aut
1181 2253 1428 2290 immutatum
1450 2259 1489 2288 et
1507 2259 1620 2288 trun-

286 2329 441 2366 catum,
468 2322 606 2359 timore
639 2323 827 2370 Neronis,
855 2337 878 2360 a
912 2325 1083 2362 Cornuto
1098 2351 1109 2368 ‚
1133 2321 1195 2360 vel
1223 2335 1245 2359 a
1274 2324 1390 2359 Basso
1415 2320 1618 2358 satirarum

286 2391 549 2429 Persianarum
566 2392 712 2431 editore
729 2393 901 2445 primo),
921 2393 1050 2431 omnia
1068 2405 1177 2443 aeque
1193 2391 1281 2437 tibi,
1303 2391 1484 2442 inquam,
1499 2389 1616 2441 plana

286 2466 327 2498 ct
352 2459 551 2498 intellectu
579 2461 760 2502 facillima
785 2464 1045 2511 videbuntur;
1069 2470 1127 2508 et,
1145 2469 1190 2500 ut
1215 2474 1328 2513 spero
1342 2488 1354 2508 ‚
1381 2460 1470 2499 luce
1502 2459 1619 2498 etiam

291 2526 449 2568 clariora
467 2531 670 2585 lucebunt.
