1846 3184
280 334 363 379 188
579 334 772 377 VETT.
806 333 1307 381 COMMENTARII

271 415 444 467 exceptis
470 414 687 454 admodum
714 416 847 467 paucis
865 445 876 463 ‚
904 429 1005 467 quos
1033 416 1292 458 σπονδαΐζοντας
1323 415 1525 468 appellant
1546 444 1557 463 ,
1584 423 1631 452 ut

270 480 375 532 apud
395 480 620 519 Cornelium
640 482 827 518 Severum
847 495 856 517 :

506 559 608 590 Pinea
624 558 774 590 frondosi
793 569 886 590 coma
904 551 1088 590 murmurat
1101 558 1150 603 (8)
1164 559 1349 602 Apennini.

325 631 372 665 V.
392 641 454 678 97.
474 629 616 665 Subere
634 627 810 678 coctum]
830 627 957 665 Suber
972 635 1105 665 cortex
1122 628 1284 666 arboris.
1301 627 1511 679 Virgilius:

483 706 571 736 Huic
586 699 696 736 natain
711 704 800 736 libro
811 727 820 743 ,
840 711 873 736 et
891 705 1030 736 silvestri
1044 705 1162 736 subere
1179 705 1332 737 clausam.

323 776 371 811 V.
393 787 455 823 99.
483 776 606 810 Torva
625 774 915 825 mimalloneis]
934 776 1079 813 Versus
1097 776 1263 813 Neronis
1283 783 1386 812 sunt.

324 843 383 881 Ib.
397 844 690 894 Mimalloneis]
706 843 952 881 Mimallones
965 844 1151 882 dicuntur
1162 845 1327 886 ministri
1340 844 1470 882 Liberi
1487 844 1604 895 patris
1615 872 1626 889 ‚

272 910 339 943 ἀπὸ
356 911 413 949 τῆς
430 910 610 956 μιμήσεως.
628 908 843 946 Calandrus
858 908 1085 959 Illyriorum
1099 921 1167 946 rex
1181 908 1231 945 ad
1249 909 1517 947 Macedoniam
1533 921 1628 945 cum

272 972 445 1010 exercitu
462 973 579 1010 venit.
597 973 852 1020 Macedones,
874 971 965 1010 ciim
993 986 1157 1024 parvum
1181 973 1393 1010 exercitum
1416 973 1626 1016 haberent,

272 1036 461 1087 plurimas
473 1037 656 1075 mulieres
675 1037 876 1075 cothurnis
894 1045 933 1074 et
950 1037 1115 1087 thyrsis,
1132 1037 1173 1074 in
1188 1036 1353 1074 modum
1368 1036 1603 1074 Baccharum
1615 1064 1627 1082 ‚

273 1110 521 1139 ornaverunt.
537 1101 603 1139 Illi
622 1102 824 1140 credentes
837 1102 1053 1139 exercitum
1071 1101 1277 1139 adventare
1287 1129 1298 1147 ‚
1314 1101 1589 1138 discesserunt.

323 1175 373 1208 V.
406 1185 491 1209 101.
519 1160 730 1223 Bassaric']
759 1165 994 1218 Bassarides‚
1010 1172 1181 1210 Bacchae.
1203 1171 1451 1219 Quibusdam
1475 1170 1631 1208 videtur

272 1250 294 1272 a
311 1249 450 1287 genere
463 1237 598 1283 vestis,
615 1236 694 1288 qua
710 1238 826 1275 Liber
841 1246 951 1288 pater
965 1237 1108 1284 utitur,
1126 1237 1294 1274 demissa
1307 1236 1358 1273 ad
1371 1235 1492 1281 balos,
1508 1248 1628 1286 quam

273 1300 464 1338 Thraces*
477 1302 661 1339 Bassarin.
672 1302 841 1349 Quidam
853 1315 875 1339 a
885 1302 1071 1353 vulpibus
1080 1330 1090 1347 ‚
1108 1315 1275 1352 quarum
1290 1300 1461 1352 pellibus
1472 1299 1630 1338 Bacchae

274 1363 612 1417 Succingebantur.
634 1362 791 1418 Vulpes'
804 1366 972 1405 Thraces
993 1367 1165 1404 bassares
1182 1366 1239 1417 (9)
1259 1366 1410 1404 dicunt.

326 1439 374 1474 V.
400 1451 415 1473 1
427 1451 487 1486 ¹9·
510 1440 594 1475 Nec
613 1452 699 1474 cum
715 1439 879 1489 scrobe.]
899 1438 1017 1475 Midae
1035 1438 1235 1476 historiam
1254 1437 1389 1489 tangit.

324 1514 373 1550 V.
397 1527 412 1550 1
422 1526 484 1550 22.
504 1515 626 1551 Nulla
641 1515 710 1551 tibi
721 1515 851 1551 vendo
867 1514 1026 1564 Iliada]
1041 1515 1130 1551 Non
1146 1514 1217 1550 tibi
1231 1513 1332 1550 illud
1349 1513 1440 1550 dem
1453 1541 1464 1558 ‚
1484 1513 1515 1550 si
1531 1511 1628 1560 mihi

272 1577 396 1615 Iliada
429 1578 620 1616 Labeonis
638 1608 649 1625 ,
679 1586 748 1616 aut
777 1578 942 1616 Neronis
970 1580 1140 1615 Troi'con
1169 1576 1309 1614 tradas.
1336 1576 1498 1626 Scripsit
1523 1579 1628 1613 Nero

274 1644 458 1680 Troicon.
1381 1642 1386 1648 ⁸

326 1716 376 1750 V.
399 1715 484 1752 133.
502 1716 711 1766 Nouaria]
724 1715 892 1753 Nonaria
908 1715 1012 1753 dicta
1030 1715 1212 1753 meretrix
1225 1743 1235 1761 ‚
1253 1713 1346 1765 quia
1359 1711 1467 1764 apud
1480 1719 1629 1749 veteres

274 1792 295 1813 a
315 1792 418 1816 nona
437 1778 533 1816 hora
563 1780 814 1830 prostabant3
834 1793 884 1817 ne
900 1809 911 1826 ‚
937 1792 1051 1816 mane
1076 1776 1217 1816 omissa
1242 1775 1516 1816 exercitatione
1528 1802 1539 1820 ‚
1559 1773 1629 1812 illo

275 1843 374 1879 irent
391 1842 668 1886 adolescentes.
1045 1850 1052 1854 “

836 1966 1088 1977 mmmm

567 2057 630 2092 IN
664 2055 937 2093 SATIRAM
970 2055 1317 2093 SECUNDAM.

764 2177 812 2197 DE
840 2176 954 2197 1301(ss
981 2176 1144 2196 MENTE.

328 2278 375 2312 V.
398 2288 430 2311 1.
448 2276 581 2319 Hunc,
600 2274 799 2318 Macrine,
817 2270 951 2321 diem]
968 2269 1196 2320 Alloquitur
1208 2268 1379 2305 Plotium
1394 2266 1631 2312 Macrinum,

216 2355 223 2359 ·
275 2341 478 2377 hominem
495 2351 584 2376 sane
601 2337 821 2383 eruditum,
839 2344 878 2374 et
891 2343 1053 2387 paterno
1073 2346 1112 2371 se
1131 2333 1277 2370 affectu
1293 2332 1519 2383 diligentem
1532 2361 1543 2378 ‚
1562 2331 1636 2382 qui

276 2405 317 2441 in
338 2404 458 2441 domo
477 2402 628 2441 Servilii
652 2400 863 2446 didicerat,
883 2413 905 2437 a
930 2412 1010 2450 quo
1036 2396 1209 2450 agellum
1235 2403 1544 2446 comparaverat,
1567 2395 1632 2432 iu-

277 2468 391 2506 dulto
411 2468 485 2506 sibi
504 2468 630 2519 pretio
649 2467 863 2517 aliquanto.

332 2543 380 2577 V.
401 2553 462 2576 12.
479 2541 726 2576 Proximus...
740 2535 994 2586 expungam]
1011 2537 1195 2572 Tractum
1210 2545 1232 2570 a
1248 2530 1458 2576 militibus,
1478 2530 1547 2581 qui
1563 2543 1631 2567 ex-

275 2604 412 2654 puncti
432 2604 639 2648 dicuntur,
661 2603 758 2639 dum
778 2601 880 2639 foras
900 2614 922 2637 a
940 2599 1079 2637 militia
1105 2597 1348 2635 emittuntur.
1368 2597 1467 2632 Item
1479 2623 1490 2640 ‚
1509 2602 1631 2631 meta-

274 2666 398 2716 phora
416 2681 437 2705 a
455 2667 561 2706 bello
572 2696 583 2715 ‚
600 2667 641 2705 in
661 2679 762 2717 quo,
779 2665 940 2703 cadente
965 2662 1035 2715 qui
1054 2662 1203 2714 primus
1221 2668 1279 2699 est
1291 2689 1301 2707 ‚
1320 2659 1631 2698 succenturiatur

279 2730 391 2767 alius.
