<?xml version="1.0" encoding="UTF-8"?>
<!DOCTYPE html PUBLIC "-//W3C//DTD XHTML 1.0 Transitional//EN"
    "http://www.w3.org/TR/xhtml1/DTD/xhtml1-transitional.dtd">
<html xmlns="http://www.w3.org/1999/xhtml" xml:lang="en" lang="en">
 <head>
  <title>
</title>
<meta http-equiv="Content-Type" content="text/html;charset=utf-8" />
  <meta name='ocr-system' content='tesseract 3.04.00' />
  <meta name='ocr-capabilities' content='ocr_page ocr_carea ocr_par ocr_line ocrx_word'/>
</head>
<body>
  <div class='ocr_page' id='page_1' title='image "./satiraeadcodice00persuoft_0296.png"; bbox 0 0 1846 3184; ppageno 0'>
   <div class='ocr_carea' id='block_1_1' title="bbox 290 252 1338 336">
    <p class='ocr_par' dir='ltr' id='par_1_1' title="bbox 290 252 1338 336">
     <span class='ocr_line' id='line_1_1' title="bbox 290 252 1338 336; baseline 0.004 -20"><span class='ocrx_word' id='word_1_1' title='bbox 290 272 375 317; x_wconf 75' lang='lat'><strong>256</strong></span> <span class='ocrx_word' id='word_1_2' title='bbox 536 252 593 315; x_wconf 60' lang='lat' dir='ltr'><strong>Q·</strong></span> <span class='ocrx_word' id='word_1_3' title='bbox 613 273 882 336; x_wconf 61' lang='lat' dir='ltr'><strong>Lucan</strong></span> <span class='ocrx_word' id='word_1_4' title='bbox 914 275 1338 320; x_wconf 76' lang='lat' dir='ltr'><strong>FRAGMENTA</strong></span> 
     </span>
    </p>
   </div>
   <div class='ocr_carea' id='block_1_2' title="bbox 345 358 1407 589">
    <p class='ocr_par' dir='ltr' id='par_1_2' title="bbox 345 358 1407 589">
     <span class='ocr_line' id='line_1_2' title="bbox 890 358 1027 396; baseline 0.007 -1"><span class='ocrx_word' id='word_1_5' title='bbox 890 361 924 395; x_wconf 83' lang='lat' dir='ltr'><strong>V</strong></span> <span class='ocrx_word' id='word_1_6' title='bbox 935 358 953 395; x_wconf 94' lang='lat' dir='ltr'>I</span> <span class='ocrx_word' id='word_1_7' title='bbox 967 360 985 395; x_wconf 87' lang='lat' dir='ltr'>I</span> <span class='ocrx_word' id='word_1_8' title='bbox 997 361 1027 396; x_wconf 86' lang='lat' dir='ltr'><strong>I.</strong></span> 
     </span>
     <span class='ocr_line' id='line_1_3' title="bbox 350 405 1407 475; baseline 0.008 -19"><span class='ocrx_word' id='word_1_9' title='bbox 350 449 360 458; x_wconf 85' lang='lat'><strong><em>.</em></strong></span> <span class='ocrx_word' id='word_1_10' title='bbox 404 449 544 457; x_wconf 90' lang='grc'><strong>......</strong></span> <span class='ocrx_word' id='word_1_11' title='bbox 548 405 549 416; x_wconf 31' lang='lat'>³</span> <span class='ocrx_word' id='word_1_12' title='bbox 562 450 807 459; x_wconf 88' lang='grc'><strong>..........</strong></span> <span class='ocrx_word' id='word_1_13' title='bbox 827 424 875 459; x_wconf 93' lang='lat' dir='ltr'><strong>Et</strong></span> <span class='ocrx_word' id='word_1_14' title='bbox 893 422 1012 461; x_wconf 91' lang='lat' dir='ltr'>Divos</span> <span class='ocrx_word' id='word_1_15' title='bbox 1031 422 1143 462; x_wconf 86' lang='lat' dir='ltr'><strong>thure</strong></span> <span class='ocrx_word' id='word_1_16' title='bbox 1162 438 1407 475; x_wconf 82' lang='lat' dir='ltr'><strong>precemur,.</strong></span> 
     </span>
     <span class='ocr_line' id='line_1_4' title="bbox 345 485 1317 540; baseline 0.003 -16"><span class='ocrx_word' id='word_1_17' title='bbox 345 485 560 524; x_wconf 87' lang='lat' dir='ltr'>Consilium</span> <span class='ocrx_word' id='word_1_18' title='bbox 578 485 715 523; x_wconf 88' lang='lat' dir='ltr'><strong>facsint</strong></span> <span class='ocrx_word' id='word_1_19' title='bbox 730 486 901 536; x_wconf 79' lang='lat' dir='ltr'><strong>placeat3</strong></span> <span class='ocrx_word' id='word_1_20' title='bbox 919 495 963 525; x_wconf 86' lang='lat' dir='ltr'><strong>tu</strong></span> <span class='ocrx_word' id='word_1_21' title='bbox 981 489 1140 539; x_wconf 90' lang='lat' dir='ltr'><strong>impune</strong></span> <span class='ocrx_word' id='word_1_22' title='bbox 1159 489 1317 540; x_wconf 88' lang='lat' dir='ltr'><strong>luperis.</strong></span> 
     </span>
     <span class='ocr_line' id='line_1_5' title="bbox 923 553 1005 589; baseline 0.012 -1"><span class='ocrx_word' id='word_1_23' title='bbox 923 553 942 588; x_wconf 93' lang='lat' dir='ltr'>I</span> <span class='ocrx_word' id='word_1_24' title='bbox 955 554 1005 589; x_wconf 91' lang='lat' dir='ltr'><strong>X.</strong></span> 
     </span>
    </p>
   </div>
   <div class='ocr_carea' id='block_1_3' title="bbox 353 605 1350 656">
    <p class='ocr_par' dir='ltr' id='par_1_3' title="bbox 353 605 1350 656">
     <span class='ocr_line' id='line_1_6' title="bbox 353 605 1350 656; baseline 0.005 -5"><span class='ocrx_word' id='word_1_25' title='bbox 353 643 495 652; x_wconf 86' lang='grc'><strong>......</strong></span> <span class='ocrx_word' id='word_1_26' title='bbox 519 614 710 652; x_wconf 84' lang='lat' dir='ltr'><strong>cecidisse</strong></span> <span class='ocrx_word' id='word_1_27' title='bbox 730 628 862 652; x_wconf 87' lang='lat' dir='ltr'><strong>senem</strong></span> <span class='ocrx_word' id='word_1_28' title='bbox 880 605 1056 654; x_wconf 76' lang='lat' dir='ltr'><strong>veterum</strong></span> <span class='ocrx_word' id='word_1_29' title='bbox 1075 625 1204 656; x_wconf 79' lang='lat' dir='ltr'><strong>tamen</strong></span> <span class='ocrx_word' id='word_1_30' title='bbox 1222 631 1350 656; x_wconf 89' lang='lat' dir='ltr'><strong>unum</strong></span> 
     </span>
    </p>
   </div>
   <div class='ocr_carea' id='block_1_4' title="bbox 344 679 1243 925">
    <p class='ocr_par' dir='ltr' id='par_1_4' title="bbox 345 679 921 730">
     <span class='ocr_line' id='line_1_7' title="bbox 345 679 921 730; baseline 0 -13"><span class='ocrx_word' id='word_1_31' title='bbox 345 680 530 718; x_wconf 83' lang='lat' dir='ltr'>Tiresiam</span> <span class='ocrx_word' id='word_1_32' title='bbox 550 679 739 730; x_wconf 83' lang='lat' dir='ltr'><strong>aequalem</strong></span> <span class='ocrx_word' id='word_1_33' title='bbox 758 688 921 717; x_wconf 88' lang='lat' dir='ltr'><strong>constat.</strong></span> 
     </span>
    </p>

    <p class='ocr_par' dir='ltr' id='par_1_5' title="bbox 344 747 1243 925">
     <span class='ocr_line' id='line_1_8' title="bbox 514 747 1218 797; baseline 0.001 -16"><span class='ocrx_word' id='word_1_34' title='bbox 514 792 517 797; x_wconf 32' lang='grc' dir='ltr'>Ι</span> <span class='ocrx_word' id='word_1_35' title='bbox 940 747 990 782; x_wconf 88' lang='lat' dir='ltr'><strong>X.</strong></span> <span class='ocrx_word' id='word_1_36' title='bbox 1215 793 1218 795; x_wconf 32' lang='grc'>-</span> 
     </span>
     <span class='ocr_line' id='line_1_9' title="bbox 344 808 1243 862; baseline 0.002 -15"><span class='ocrx_word' id='word_1_37' title='bbox 344 812 424 847; x_wconf 90' lang='lat' dir='ltr'><strong>Nec</strong></span> <span class='ocrx_word' id='word_1_38' title='bbox 442 808 632 860; x_wconf 86' lang='lat' dir='ltr'><strong>designati</strong></span> <span class='ocrx_word' id='word_1_39' title='bbox 650 817 820 847; x_wconf 81' lang='lat' dir='ltr'><strong>rostrum</strong></span> <span class='ocrx_word' id='word_1_40' title='bbox 836 809 1030 855; x_wconf 82' lang='lat' dir='ltr'><strong>Praetori’‚</strong></span> <span class='ocrx_word' id='word_1_41' title='bbox 1045 810 1243 862; x_wconf 85' lang='lat' dir='ltr'><strong>pedesque</strong></span> 
     </span>
     <span class='ocr_line' id='line_1_10' title="bbox 344 877 513 925; baseline -0.018 -12"><span class='ocrx_word' id='word_1_42' title='bbox 344 877 513 925; x_wconf 88' lang='lat' dir='ltr'><strong>Spectet.</strong></span> 
     </span>
    </p>
   </div>
   <div class='ocr_carea' id='block_1_5' title="bbox 346 939 1457 1963">
    <p class='ocr_par' dir='ltr' id='par_1_6' title="bbox 346 939 1457 1963">
     <span class='ocr_line' id='line_1_11' title="bbox 900 939 1011 976; baseline 0 -1"><span class='ocrx_word' id='word_1_43' title='bbox 900 952 903 955; x_wconf 67' lang='grc'><em>’</em></span> <span class='ocrx_word' id='word_1_44' title='bbox 929 939 969 975; x_wconf 91' lang='lat' dir='ltr'><strong>X</strong></span> <span class='ocrx_word' id='word_1_45' title='bbox 981 941 1011 976; x_wconf 91' lang='grc' dir='ltr'><strong>Ι.</strong></span> 
     </span>
     <span class='ocr_line' id='line_1_12' title="bbox 346 1004 1338 1057; baseline 0 -14"><span class='ocrx_word' id='word_1_46' title='bbox 346 1006 471 1043; x_wconf 90' lang='lat' dir='ltr'><strong>Liviu’</strong></span> <span class='ocrx_word' id='word_1_47' title='bbox 490 1017 702 1056; x_wconf 89' lang='lat' dir='ltr'><strong>pauperem</strong></span> <span class='ocrx_word' id='word_1_48' title='bbox 720 1006 773 1043; x_wconf 88' lang='lat' dir='ltr'><strong>ait</strong></span> <span class='ocrx_word' id='word_1_49' title='bbox 789 1016 829 1043; x_wconf 89' lang='lat' dir='ltr'><strong>se</strong></span> <span class='ocrx_word' id='word_1_50' title='bbox 848 1005 1018 1056; x_wconf 87' lang='lat' dir='ltr'><strong>ingentia</strong></span> <span class='ocrx_word' id='word_1_51' title='bbox 1037 1017 1199 1043; x_wconf 83' lang='lat' dir='ltr'><strong>munera</strong></span> <span class='ocrx_word' id='word_1_52' title='bbox 1217 1004 1338 1057; x_wconf 82' lang='lat' dir='ltr'><strong>fungi.</strong></span> 
     </span>
     <span class='ocr_line' id='line_1_13' title="bbox 877 1071 1028 1117; baseline 0 -10"><span class='ocrx_word' id='word_1_53' title='bbox 877 1115 879 1117; x_wconf 17' lang='grc' dir='ltr'><strong><em>ι</em></strong></span> <span class='ocrx_word' id='word_1_54' title='bbox 915 1072 954 1107; x_wconf 91' lang='lat' dir='ltr'><strong>X</strong></span> <span class='ocrx_word' id='word_1_55' title='bbox 966 1071 986 1106; x_wconf 91' lang='lat'><em>1</em></span> <span class='ocrx_word' id='word_1_56' title='bbox 998 1071 1028 1107; x_wconf 90' lang='lat'><strong>1.</strong></span> 
     </span>
     <span class='ocr_line' id='line_1_14' title="bbox 346 1134 1248 1187; baseline -0.001 -15"><span class='ocrx_word' id='word_1_57' title='bbox 346 1135 496 1187; x_wconf 89' lang='lat' dir='ltr'><strong>Lippus</strong></span> <span class='ocrx_word' id='word_1_58' title='bbox 516 1134 668 1173; x_wconf 54' lang='lat' dir='ltr'><strong>edenda</strong></span> <span class='ocrx_word' id='word_1_59' title='bbox 684 1135 762 1172; x_wconf 88' lang='lat' dir='ltr'><strong>acri</strong></span> <span class='ocrx_word' id='word_1_60' title='bbox 778 1134 934 1187; x_wconf 54' lang='lat' dir='ltr'><strong>assiduo</strong></span> <span class='ocrx_word' id='word_1_61' title='bbox 954 1135 1121 1186; x_wconf 87' lang='lat' dir='ltr'><strong>cepariu’</strong></span> <span class='ocrx_word' id='word_1_62' title='bbox 1140 1135 1248 1186; x_wconf 60' lang='lat' dir='ltr'><strong>cepa.</strong></span> 
     </span>
     <span class='ocr_line' id='line_1_15' title="bbox 894 1201 1038 1237; baseline 0 0"><span class='ocrx_word' id='word_1_63' title='bbox 894 1201 933 1237; x_wconf 90' lang='lat' dir='ltr'><strong>X</strong></span> <span class='ocrx_word' id='word_1_64' title='bbox 945 1203 963 1237; x_wconf 93' lang='grc' dir='ltr'>Ι</span> <span class='ocrx_word' id='word_1_65' title='bbox 976 1202 994 1237; x_wconf 95' lang='lat' dir='ltr'>I</span> <span class='ocrx_word' id='word_1_66' title='bbox 1008 1202 1038 1237; x_wconf 90' lang='lat'><strong>1.</strong></span> 
     </span>
     <span class='ocr_line' id='line_1_16' title="bbox 348 1263 1299 1315; baseline -0.001 -13"><span class='ocrx_word' id='word_1_67' title='bbox 348 1264 504 1315; x_wconf 83' lang='lat' dir='ltr'><strong>Intybu’</strong></span> <span class='ocrx_word' id='word_1_68' title='bbox 523 1272 707 1315; x_wconf 80' lang='lat' dir='ltr'><strong>praeterea</strong></span> <span class='ocrx_word' id='word_1_69' title='bbox 725 1263 893 1315; x_wconf 88' lang='lat' dir='ltr'><strong>pedibus</strong></span> <span class='ocrx_word' id='word_1_70' title='bbox 908 1264 1117 1314; x_wconf 74' lang='lat' dir='ltr'><strong>persei-psit</strong></span> <span class='ocrx_word' id='word_1_71' title='bbox 1134 1263 1299 1315; x_wconf 83' lang='lat' dir='ltr'><strong>equinis.</strong></span> 
     </span>
     <span class='ocr_line' id='line_1_17' title="bbox 905 1331 1092 1370; baseline 0.021 -4"><span class='ocrx_word' id='word_1_72' title='bbox 905 1331 944 1366; x_wconf 92' lang='lat' dir='ltr'><strong>X</strong></span> <span class='ocrx_word' id='word_1_73' title='bbox 955 1331 974 1366; x_wconf 95' lang='lat' dir='ltr'>I</span> <span class='ocrx_word' id='word_1_74' title='bbox 983 1331 1030 1366; x_wconf 92' lang='lat' dir='ltr'><strong>V.</strong></span> <span class='ocrx_word' id='word_1_75' title='bbox 1088 1366 1092 1370; x_wconf 80' lang='grc'>,</span> 
     </span>
     <span class='ocr_line' id='line_1_18' title="bbox 349 1392 1373 1445; baseline 0 -14"><span class='ocrx_word' id='word_1_76' title='bbox 349 1394 498 1432; x_wconf 86' lang='lat' dir='ltr'><strong>Flebile</strong></span> <span class='ocrx_word' id='word_1_77' title='bbox 515 1407 609 1445; x_wconf 88' lang='lat' dir='ltr'><strong>cepe</strong></span> <span class='ocrx_word' id='word_1_78' title='bbox 626 1393 767 1440; x_wconf 86' lang='lat' dir='ltr'><strong>simul,</strong></span> <span class='ocrx_word' id='word_1_79' title='bbox 787 1394 1091 1445; x_wconf 88' lang='lat' dir='ltr'><strong>lacrymosaeque</strong></span> <span class='ocrx_word' id='word_1_80' title='bbox 1108 1393 1243 1432; x_wconf 85' lang='lat' dir='ltr'><strong>ordine</strong></span> <span class='ocrx_word' id='word_1_81' title='bbox 1260 1392 1373 1431; x_wconf 85' lang='lat' dir='ltr'><strong>tallae.</strong></span> 
     </span>
     <span class='ocr_line' id='line_1_19' title="bbox 920 1461 1015 1496; baseline -0.011 0"><span class='ocrx_word' id='word_1_82' title='bbox 920 1461 959 1496; x_wconf 92' lang='lat' dir='ltr'><strong>X</strong></span> <span class='ocrx_word' id='word_1_83' title='bbox 969 1462 1015 1496; x_wconf 91' lang='lat' dir='ltr'><strong>V.</strong></span> 
     </span>
     <span class='ocr_line' id='line_1_20' title="bbox 349 1524 1240 1576; baseline -0.004 -13"><span class='ocrx_word' id='word_1_84' title='bbox 349 1528 499 1564; x_wconf 84' lang='lat' dir='ltr'><strong>Urceus</strong></span> <span class='ocrx_word' id='word_1_85' title='bbox 511 1553 521 1571; x_wconf 90' lang='lat'>,</span> <span class='ocrx_word' id='word_1_86' title='bbox 544 1533 584 1562; x_wconf 87' lang='lat' dir='ltr'><strong>et</strong></span> <span class='ocrx_word' id='word_1_87' title='bbox 597 1525 750 1576; x_wconf 87' lang='lat' dir='ltr'><strong>gemina</strong></span> <span class='ocrx_word' id='word_1_88' title='bbox 769 1524 909 1576; x_wconf 84' lang='lat' dir='ltr'><strong>longus</strong></span> <span class='ocrx_word' id='word_1_89' title='bbox 927 1524 1122 1561; x_wconf 82' lang='lat' dir='ltr'><strong>mistarius</strong></span> <span class='ocrx_word' id='word_1_90' title='bbox 1139 1536 1240 1561; x_wconf 86' lang='lat' dir='ltr'><strong>ansa.</strong></span> 
     </span>
     <span class='ocr_line' id='line_1_21' title="bbox 907 1590 1031 1626; baseline -0.024 0"><span class='ocrx_word' id='word_1_91' title='bbox 907 1590 945 1626; x_wconf 88' lang='lat' dir='ltr'><strong>X</strong></span> <span class='ocrx_word' id='word_1_92' title='bbox 955 1590 989 1625; x_wconf 91' lang='lat' dir='ltr'><strong>V</strong></span> <span class='ocrx_word' id='word_1_93' title='bbox 999 1590 1031 1624; x_wconf 93' lang='grc' dir='ltr'><strong>Ι.</strong></span> 
     </span>
     <span class='ocr_line' id='line_1_22' title="bbox 351 1646 1457 1704; baseline -0.004 -12"><span class='ocrx_word' id='word_1_94' title='bbox 351 1657 478 1692; x_wconf 85' lang='lat' dir='ltr'><strong>Macte</strong></span> <span class='ocrx_word' id='word_1_95' title='bbox 490 1685 501 1703; x_wconf 92' lang='lat'>‚</span> <span class='ocrx_word' id='word_1_96' title='bbox 518 1653 700 1704; x_wconf 88' lang='lat' dir='ltr'><strong>inquam,</strong></span> <span class='ocrx_word' id='word_1_97' title='bbox 716 1654 859 1691; x_wconf 85' lang='lat' dir='ltr'><strong>virtute</strong></span> <span class='ocrx_word' id='word_1_98' title='bbox 879 1652 1075 1704; x_wconf 88' lang='lat' dir='ltr'><strong>simulque</strong></span> <span class='ocrx_word' id='word_1_99' title='bbox 1092 1651 1156 1689; x_wconf 89' lang='lat' dir='ltr'><strong>his</strong></span> <span class='ocrx_word' id='word_1_100' title='bbox 1169 1652 1345 1690; x_wconf 86' lang='lat' dir='ltr'><strong>versibus</strong></span> <span class='ocrx_word' id='word_1_101' title='bbox 1363 1646 1457 1690; x_wconf 84' lang='lat' dir='ltr'><strong>esto.</strong></span> 
     </span>
     <span class='ocr_line' id='line_1_23' title="bbox 893 1714 1048 1755; baseline -0.006 0"><span class='ocrx_word' id='word_1_102' title='bbox 893 1714 975 1755; x_wconf 87' lang='lat' dir='ltr'><strong>XV</strong></span> <span class='ocrx_word' id='word_1_103' title='bbox 986 1719 1005 1754; x_wconf 94' lang='lat' dir='ltr'>I</span> <span class='ocrx_word' id='word_1_104' title='bbox 1018 1720 1048 1754; x_wconf 92' lang='lat' dir='ltr'><strong>I.</strong></span> 
     </span>
     <span class='ocr_line' id='line_1_24' title="bbox 352 1782 1310 1833; baseline -0.002 -13"><span class='ocrx_word' id='word_1_105' title='bbox 352 1784 494 1821; x_wconf 86' lang='lat' dir='ltr'><strong>Deficit</strong></span> <span class='ocrx_word' id='word_1_106' title='bbox 511 1783 612 1820; x_wconf 90' lang='lat' dir='ltr'><strong>alma</strong></span> <span class='ocrx_word' id='word_1_107' title='bbox 634 1785 748 1821; x_wconf 88' lang='lat' dir='ltr'><strong>Ceres</strong></span> <span class='ocrx_word' id='word_1_108' title='bbox 759 1812 770 1830; x_wconf 91' lang='lat'><strong>‚</strong></span> <span class='ocrx_word' id='word_1_109' title='bbox 787 1795 858 1820; x_wconf 89' lang='lat' dir='ltr'><strong>nec</strong></span> <span class='ocrx_word' id='word_1_110' title='bbox 879 1782 1014 1833; x_wconf 90' lang='lat' dir='ltr'><strong>plebes</strong></span> <span class='ocrx_word' id='word_1_111' title='bbox 1032 1795 1131 1833; x_wconf 90' lang='lat' dir='ltr'><strong>pane</strong></span> <span class='ocrx_word' id='word_1_112' title='bbox 1150 1783 1310 1832; x_wconf 88' lang='lat' dir='ltr'><strong>potitur.</strong></span> 
     </span>
     <span class='ocr_line' id='line_1_25' title="bbox 881 1848 1070 1885; baseline -0.011 0"><span class='ocrx_word' id='word_1_113' title='bbox 881 1849 964 1885; x_wconf 90' lang='lat' dir='ltr'><strong>XV</strong></span> <span class='ocrx_word' id='word_1_114' title='bbox 976 1848 995 1883; x_wconf 91' lang='lat'>1</span> <span class='ocrx_word' id='word_1_115' title='bbox 1008 1849 1026 1884; x_wconf 94' lang='lat'><em>1</em></span> <span class='ocrx_word' id='word_1_116' title='bbox 1039 1848 1070 1884; x_wconf 92' lang='grc' dir='ltr'><strong>Ι.</strong></span> 
     </span>
     <span class='ocr_line' id='line_1_26' title="bbox 352 1910 1271 1963; baseline -0.003 -13"><span class='ocrx_word' id='word_1_117' title='bbox 352 1912 546 1950; x_wconf 84' lang='lat' dir='ltr'><strong>Lascivire</strong></span> <span class='ocrx_word' id='word_1_118' title='bbox 565 1926 685 1963; x_wconf 87' lang='lat' dir='ltr'><strong>pecus</strong></span> <span class='ocrx_word' id='word_1_119' title='bbox 699 1912 814 1961; x_wconf 79' lang='lat' dir='ltr'><strong>jussit</strong></span> <span class='ocrx_word' id='word_1_120' title='bbox 831 1912 1024 1962; x_wconf 88' lang='lat' dir='ltr'><strong>rostrique</strong></span> <span class='ocrx_word' id='word_1_121' title='bbox 1042 1910 1271 1962; x_wconf 88' lang='lat' dir='ltr'><strong>repandum.</strong></span> 
     </span>
    </p>
   </div>
   <div class='ocr_carea' id='block_1_6' title="bbox 351 2053 1653 2096">
    <p class='ocr_par' dir='ltr' id='par_1_7' title="bbox 351 2053 1653 2096">
     <span class='ocr_line' id='line_1_27' title="bbox 351 2053 1653 2096; baseline -0.002 -9"><span class='ocrx_word' id='word_1_122' title='bbox 351 2057 382 2087; x_wconf 92' lang='lat'><strong>8.</strong></span> <span class='ocrx_word' id='word_1_123' title='bbox 400 2057 486 2087; x_wconf 91' lang='lat' dir='ltr'><strong>Non.</strong></span> <span class='ocrx_word' id='word_1_124' title='bbox 506 2054 649 2096; x_wconf 81' lang='lat' dir='ltr'><strong>Lupari,</strong></span> <span class='ocrx_word' id='word_1_125' title='bbox 670 2061 709 2085; x_wconf 90' lang='lat' dir='ltr'><strong>ut</strong></span> <span class='ocrx_word' id='word_1_126' title='bbox 730 2056 883 2093; x_wconf 81' lang='lat' dir='ltr'><strong>scortari,</strong></span> <span class='ocrx_word' id='word_1_127' title='bbox 900 2056 953 2086; x_wconf 87' lang='lat' dir='ltr'><strong>vel</strong></span> <span class='ocrx_word' id='word_1_128' title='bbox 1006 2054 1111 2096; x_wconf 78' lang='lat' dir='ltr'><strong>gulari</strong></span> <span class='ocrx_word' id='word_1_129' title='bbox 1130 2053 1291 2085; x_wconf 83' lang='lat' dir='ltr'><strong>feminino</strong></span> <span class='ocrx_word' id='word_1_130' title='bbox 1315 2063 1434 2096; x_wconf 64' lang='lat' dir='ltr'><strong>genere</strong></span> <span class='ocrx_word' id='word_1_131' title='bbox 1461 2058 1548 2084; x_wconf 82' lang='lat' dir='ltr'><strong>recte</strong></span> <span class='ocrx_word' id='word_1_132' title='bbox 1571 2063 1653 2096; x_wconf 86' lang='lat' dir='ltr'><strong>pro-</strong></span> 
     </span>
    </p>
   </div>
   <div class='ocr_carea' id='block_1_7' title="bbox 303 2107 1656 2685">
    <p class='ocr_par' dir='ltr' id='par_1_8' title="bbox 303 2107 1365 2152">
     <span class='ocr_line' id='line_1_28' title="bbox 303 2107 1365 2152; baseline -0.004 -11"><span class='ocrx_word' id='word_1_133' title='bbox 303 2109 469 2152; x_wconf 83' lang='lat' dir='ltr'><strong>prostitui.</strong></span> <span class='ocrx_word' id='word_1_134' title='bbox 484 2109 551 2140; x_wconf 85' lang='lat' dir='ltr'><strong>Alii</strong></span> <span class='ocrx_word' id='word_1_135' title='bbox 561 2131 570 2146; x_wconf 93' lang='lat'><strong><em>‚</em></strong></span> <span class='ocrx_word' id='word_1_136' title='bbox 584 2108 723 2149; x_wconf 82' lang='lat' dir='ltr'><strong>superbis</strong></span> <span class='ocrx_word' id='word_1_137' title='bbox 733 2131 744 2144; x_wconf 91' lang='lat'><em>‚</em></span> <span class='ocrx_word' id='word_1_138' title='bbox 760 2108 855 2138; x_wconf 87' lang='lat' dir='ltr'><strong>male.</strong></span> <span class='ocrx_word' id='word_1_139' title='bbox 1006 2108 1118 2138; x_wconf 85' lang='lat' dir='ltr'><strong>tulisse</strong></span> <span class='ocrx_word' id='word_1_140' title='bbox 1135 2107 1365 2137; x_wconf 85' lang='lat' dir='ltr'><strong>inveniuntur.</strong></span> 
     </span>
    </p>

    <p class='ocr_par' dir='ltr' id='par_1_9' title="bbox 303 2159 1654 2256">
     <span class='ocr_line' id='line_1_29' title="bbox 353 2159 1654 2203; baseline -0.001 -12"><span class='ocrx_word' id='word_1_141' title='bbox 353 2171 384 2201; x_wconf 85' lang='lat'><strong>9.</strong></span> <span class='ocrx_word' id='word_1_142' title='bbox 400 2160 530 2191; x_wconf 80' lang='lat' dir='ltr'><strong>Nonius</strong></span> <span class='ocrx_word' id='word_1_143' title='bbox 539 2171 546 2190; x_wconf 91' lang='lat'>:</span> <span class='ocrx_word' id='word_1_144' title='bbox 556 2159 719 2200; x_wconf 83' lang='lat' dir='ltr'><strong>Aequales</strong></span> <span class='ocrx_word' id='word_1_145' title='bbox 726 2166 803 2190; x_wconf 87' lang='lat' dir='ltr'><strong>sunt</strong></span> <span class='ocrx_word' id='word_1_146' title='bbox 815 2159 953 2196; x_wconf 83' lang='lat' dir='ltr'><strong>similes,</strong></span> <span class='ocrx_word' id='word_1_147' title='bbox 1059 2172 1071 2190; x_wconf 87' lang='lat'>1</span> <span class='ocrx_word' id='word_1_148' title='bbox 1081 2161 1110 2191; x_wconf 83' lang='lat'><strong>3.</strong></span> <span class='ocrx_word' id='word_1_149' title='bbox 1126 2161 1259 2191; x_wconf 80' lang='lat' dir='ltr'><strong>Nonius</strong></span> <span class='ocrx_word' id='word_1_150' title='bbox 1271 2173 1278 2191; x_wconf 90' lang='lat'>:</span> <span class='ocrx_word' id='word_1_151' title='bbox 1294 2161 1423 2201; x_wconf 55' lang='lat' dir='ltr'><strong>Inqbus</strong></span> <span class='ocrx_word' id='word_1_152' title='bbox 1431 2160 1559 2203; x_wconf 70' lang='lat' dir='ltr'><strong>generis</strong></span> <span class='ocrx_word' id='word_1_153' title='bbox 1570 2170 1654 2192; x_wconf 71' lang='lat' dir='ltr'><strong>mas-</strong></span> 
     </span>
     <span class='ocr_line' id='line_1_30' title="bbox 303 2212 1654 2256; baseline -0.002 -11"><span class='ocrx_word' id='word_1_154' title='bbox 303 2222 336 2246; x_wconf 88' lang='lat' dir='ltr'><strong>et</strong></span> <span class='ocrx_word' id='word_1_155' title='bbox 357 2225 400 2245; x_wconf 84' lang='lat' dir='ltr'><strong>ex</strong></span> <span class='ocrx_word' id='word_1_156' title='bbox 415 2225 524 2256; x_wconf 86' lang='lat' dir='ltr'><strong>aequo.</strong></span> <span class='ocrx_word' id='word_1_157' title='bbox 1008 2213 1126 2244; x_wconf 88' lang='lat' dir='ltr'><strong>culini.</strong></span> <span class='ocrx_word' id='word_1_158' title='bbox 1156 2214 1325 2245; x_wconf 76' lang='lat' dir='ltr'><strong>Charisius</strong></span> <span class='ocrx_word' id='word_1_159' title='bbox 1339 2237 1350 2252; x_wconf 93' lang='lat'>‚</span> <span class='ocrx_word' id='word_1_160' title='bbox 1371 2214 1431 2245; x_wconf 80' lang='lat' dir='ltr'><strong>lib.</strong></span> <span class='ocrx_word' id='word_1_161' title='bbox 1456 2216 1472 2244; x_wconf 92' lang='lat'>1</span> <span class='ocrx_word' id='word_1_162' title='bbox 1485 2236 1495 2251; x_wconf 93' lang='lat'><strong><em>,</em></strong></span> <span class='ocrx_word' id='word_1_163' title='bbox 1517 2212 1629 2252; x_wconf 57' lang='lat' dir='ltr'><strong>invia</strong></span> <span class='ocrx_word' id='word_1_164' title='bbox 1642 2235 1654 2249; x_wconf 89' lang='lat'><em>,</em></span> 
     </span>
    </p>

    <p class='ocr_par' dir='ltr' id='par_1_10' title="bbox 303 2262 1655 2417">
     <span class='ocr_line' id='line_1_31' title="bbox 356 2262 1404 2308; baseline -0.002 -10"><span class='ocrx_word' id='word_1_165' title='bbox 356 2279 408 2298; x_wconf 81' lang='lat' dir='ltr'><strong>xo.</strong></span> <span class='ocrx_word' id='word_1_166' title='bbox 443 2267 575 2298; x_wconf 85' lang='lat' dir='ltr'><strong>Nonius</strong></span> <span class='ocrx_word' id='word_1_167' title='bbox 597 2278 605 2297; x_wconf 72' lang='grc' dir='ltr'><em>τ</em></span> <span class='ocrx_word' id='word_1_168' title='bbox 632 2267 782 2301; x_wconf 70' lang='lat' dir='ltr'><strong>Rostrum</strong></span> <span class='ocrx_word' id='word_1_169' title='bbox 809 2265 955 2296; x_wconf 80' lang='lat' dir='ltr'><strong>hominis</strong></span> <span class='ocrx_word' id='word_1_170' title='bbox 1006 2274 1126 2298; x_wconf 79' lang='lat' dir='ltr'><strong>neutro</strong></span> <span class='ocrx_word' id='word_1_171' title='bbox 1142 2277 1269 2308; x_wconf 85' lang='lat' dir='ltr'><strong>genere.</strong></span> <span class='ocrx_word' id='word_1_172' title='bbox 1334 2262 1335 2265; x_wconf 32' lang='lat'>¹</span> <span class='ocrx_word' id='word_1_173' title='bbox 1400 2290 1404 2299; x_wconf 60' lang='grc'><strong>,,</strong></span> 
     </span>
     <span class='ocr_line' id='line_1_32' title="bbox 303 2318 1655 2360; baseline -0.002 -9"><span class='ocrx_word' id='word_1_174' title='bbox 303 2321 369 2352; x_wconf 86' lang='lat' dir='ltr'><strong>dici</strong></span> <span class='ocrx_word' id='word_1_175' title='bbox 394 2331 464 2351; x_wconf 87' lang='lat' dir='ltr'><strong>non</strong></span> <span class='ocrx_word' id='word_1_176' title='bbox 490 2319 608 2350; x_wconf 87' lang='lat' dir='ltr'><strong>debere</strong></span> <span class='ocrx_word' id='word_1_177' title='bbox 635 2318 842 2350; x_wconf 81' lang='lat' dir='ltr'><strong>cousuetudo</strong></span> <span class='ocrx_word' id='word_1_178' title='bbox 863 2329 952 2360; x_wconf 84' lang='lat' dir='ltr'><strong>prae-</strong></span> <span class='ocrx_word' id='word_1_179' title='bbox 1058 2325 1109 2356; x_wconf 77' lang='lat'><strong>14.</strong></span> <span class='ocrx_word' id='word_1_180' title='bbox 1141 2319 1232 2349; x_wconf 79' lang='lat' dir='ltr'><strong>Talla</strong></span> <span class='ocrx_word' id='word_1_181' title='bbox 1247 2342 1258 2356; x_wconf 93' lang='lat'><em>,</em></span> <span class='ocrx_word' id='word_1_182' title='bbox 1283 2319 1351 2350; x_wconf 84' lang='lat' dir='ltr'><strong>allii</strong></span> <span class='ocrx_word' id='word_1_183' title='bbox 1377 2318 1583 2356; x_wconf 85' lang='lat' dir='ltr'><strong>folliculum,</strong></span> <span class='ocrx_word' id='word_1_184' title='bbox 1602 2318 1655 2349; x_wconf 84' lang='lat' dir='ltr'><strong>vel</strong></span> 
     </span>
     <span class='ocr_line' id='line_1_33' title="bbox 304 2367 1503 2417; baseline -0.002 -12"><span class='ocrx_word' id='word_1_185' title='bbox 304 2375 458 2417; x_wconf 82' lang='lat' dir='ltr'><strong>sumpsit.</strong></span> <span class='ocrx_word' id='word_1_186' title='bbox 1007 2384 1096 2415; x_wconf 87' lang='lat' dir='ltr'><strong>cepe.</strong></span> <span class='ocrx_word' id='word_1_187' title='bbox 1175 2367 1180 2373; x_wconf 25' lang='grc' dir='ltr'><strong>Χ</strong></span> <span class='ocrx_word' id='word_1_188' title='bbox 1494 2376 1503 2383; x_wconf 43' lang='lat' dir='ltr'><em>s</em></span> 
     </span>
    </p>

    <p class='ocr_par' dir='ltr' id='par_1_11' title="bbox 307 2423 1656 2522">
     <span class='ocr_line' id='line_1_34' title="bbox 356 2423 1656 2471; baseline -0.003 -13"><span class='ocrx_word' id='word_1_189' title='bbox 356 2439 370 2458; x_wconf 88' lang='lat'>1</span> <span class='ocrx_word' id='word_1_190' title='bbox 381 2439 393 2457; x_wconf 86' lang='lat'>1</span> <span class='ocrx_word' id='word_1_191' title='bbox 402 2451 410 2458; x_wconf 91' lang='lat'>.</span> <span class='ocrx_word' id='word_1_192' title='bbox 433 2427 582 2458; x_wconf 86' lang='lat' dir='ltr'><strong>Nonius:</strong></span> <span class='ocrx_word' id='word_1_193' title='bbox 596 2426 815 2458; x_wconf 82' lang='lat' dir='ltr'><strong>Accusativus</strong></span> <span class='ocrx_word' id='word_1_194' title='bbox 827 2427 955 2469; x_wconf 76' lang='lat' dir='ltr'><strong>positus</strong></span> <span class='ocrx_word' id='word_1_195' title='bbox 1058 2437 1071 2456; x_wconf 89' lang='lat'>1</span> <span class='ocrx_word' id='word_1_196' title='bbox 1081 2426 1114 2457; x_wconf 82' lang='grc'><strong>5.</strong></span> <span class='ocrx_word' id='word_1_197' title='bbox 1127 2426 1276 2457; x_wconf 84' lang='lat' dir='ltr'><strong>Nonius:</strong></span> <span class='ocrx_word' id='word_1_198' title='bbox 1292 2423 1484 2471; x_wconf 51' lang='lat' dir='ltr'><strong>Minatium,</strong></span> <span class='ocrx_word' id='word_1_199' title='bbox 1496 2434 1565 2466; x_wconf 89' lang='lat' dir='ltr'><strong>quo</strong></span> <span class='ocrx_word' id='word_1_200' title='bbox 1578 2423 1656 2454; x_wconf 72' lang='lat' dir='ltr'><strong>mis-</strong></span> 
     </span>
     <span class='ocr_line' id='line_1_35' title="bbox 307 2479 1179 2522; baseline 0 -11"><span class='ocrx_word' id='word_1_201' title='bbox 307 2491 368 2522; x_wconf 83' lang='lat' dir='ltr'><strong>pro</strong></span> <span class='ocrx_word' id='word_1_202' title='bbox 386 2480 538 2512; x_wconf 85' lang='lat' dir='ltr'><strong>ablativo.</strong></span> <span class='ocrx_word' id='word_1_203' title='bbox 594 2479 602 2483; x_wconf 78' lang='grc'><em>’</em></span> <span class='ocrx_word' id='word_1_204' title='bbox 1009 2487 1132 2511; x_wconf 78' lang='lat' dir='ltr'><strong>cemus.</strong></span> <span class='ocrx_word' id='word_1_205' title='bbox 1177 2509 1179 2511; x_wconf 85' lang='lat'>.</span> 
     </span>
    </p>

    <p class='ocr_par' dir='ltr' id='par_1_12' title="bbox 306 2531 1655 2685">
     <span class='ocr_line' id='line_1_36' title="bbox 358 2531 1655 2582; baseline -0.002 -18"><span class='ocrx_word' id='word_1_206' title='bbox 358 2545 410 2564; x_wconf 80' lang='lat'><strong>12.</strong></span> <span class='ocrx_word' id='word_1_207' title='bbox 443 2534 574 2565; x_wconf 88' lang='lat' dir='ltr'><strong>Nonius</strong></span> <span class='ocrx_word' id='word_1_208' title='bbox 593 2545 601 2564; x_wconf 85' lang='lat'>:</span> <span class='ocrx_word' id='word_1_209' title='bbox 625 2533 705 2582; x_wconf 74' lang='lat' dir='ltr'><strong>Cepe</strong></span> <span class='ocrx_word' id='word_1_210' title='bbox 729 2533 880 2565; x_wconf 83' lang='lat' dir='ltr'><strong>feminini</strong></span> <span class='ocrx_word' id='word_1_211' title='bbox 902 2546 959 2577; x_wconf 80' lang='lat' dir='ltr'><strong>ge-</strong></span> <span class='ocrx_word' id='word_1_212' title='bbox 1060 2533 1112 2564; x_wconf 78' lang='lat'><strong>16.</strong></span> <span class='ocrx_word' id='word_1_213' title='bbox 1127 2533 1215 2564; x_wconf 88' lang='lat' dir='ltr'><strong>Non.</strong></span> <span class='ocrx_word' id='word_1_214' title='bbox 1230 2533 1378 2562; x_wconf 76' lang='lat' dir='ltr'><strong>Mactare</strong></span> <span class='ocrx_word' id='word_1_215' title='bbox 1386 2554 1398 2569; x_wconf 86' lang='lat'><em>,</em></span> <span class='ocrx_word' id='word_1_216' title='bbox 1411 2531 1513 2577; x_wconf 75' lang='lat' dir='ltr'><strong>magis</strong></span> <span class='ocrx_word' id='word_1_217' title='bbox 1526 2541 1655 2573; x_wconf 82' lang='lat' dir='ltr'><strong>augere.</strong></span> 
     </span>
     <span class='ocr_line' id='line_1_37' title="bbox 309 2587 1467 2628; baseline 0.002 -12"><span class='ocrx_word' id='word_1_218' title='bbox 309 2597 406 2617; x_wconf 77' lang='lat' dir='ltr'><strong>nens.</strong></span> <span class='ocrx_word' id='word_1_219' title='bbox 421 2588 605 2618; x_wconf 87' lang='lat' dir='ltr'><strong>Priscianus</strong></span> <span class='ocrx_word' id='word_1_220' title='bbox 615 2610 625 2626; x_wconf 90' lang='lat'>‚</span> <span class='ocrx_word' id='word_1_221' title='bbox 637 2587 695 2618; x_wconf 86' lang='lat' dir='ltr'><strong>lib.</strong></span> <span class='ocrx_word' id='word_1_222' title='bbox 709 2590 758 2618; x_wconf 85' lang='lat' dir='ltr'><strong>VI</strong></span> <span class='ocrx_word' id='word_1_223' title='bbox 772 2600 779 2618; x_wconf 89' lang='lat'><strong>:</strong></span> <span class='ocrx_word' id='word_1_224' title='bbox 797 2589 958 2628; x_wconf 78' lang='lat' dir='ltr'><strong>Quamvis</strong></span> <span class='ocrx_word' id='word_1_225' title='bbox 1062 2601 1113 2628; x_wconf 86' lang='lat'><strong>¹7·</strong></span> <span class='ocrx_word' id='word_1_226' title='bbox 1130 2589 1332 2620; x_wconf 82' lang='lat' dir='ltr'><strong>Priscianus:</strong></span> <span class='ocrx_word' id='word_1_227' title='bbox 1348 2588 1467 2619; x_wconf 80' lang='lat' dir='ltr'><strong>Potior.</strong></span> 
     </span>
     <span class='ocr_line' id='line_1_38' title="bbox 306 2639 1654 2685; baseline 0 -16"><span class='ocrx_word' id='word_1_228' title='bbox 306 2640 529 2682; x_wconf 70' lang='lat' dir='ltr'><strong>antiquissimi</strong></span> <span class='ocrx_word' id='word_1_229' title='bbox 545 2653 623 2684; x_wconf 84' lang='lat' dir='ltr'><strong>cepa</strong></span> <span class='ocrx_word' id='word_1_230' title='bbox 639 2642 676 2673; x_wconf 87' lang='lat' dir='ltr'><strong>in</strong></span> <span class='ocrx_word' id='word_1_231' title='bbox 693 2653 714 2672; x_wconf 92' lang='lat' dir='ltr'><em>a</em></span> <span class='ocrx_word' id='word_1_232' title='bbox 732 2653 869 2685; x_wconf 86' lang='lat' dir='ltr'><strong>quoque</strong></span> <span class='ocrx_word' id='word_1_233' title='bbox 884 2642 956 2675; x_wconf 73' lang='lat' dir='ltr'><strong>sin-</strong></span> <span class='ocrx_word' id='word_1_234' title='bbox 1062 2643 1114 2675; x_wconf 85' lang='lat'><strong>18.</strong></span> <span class='ocrx_word' id='word_1_235' title='bbox 1140 2642 1289 2675; x_wconf 79' lang='lat' dir='ltr'><strong>Nonius:</strong></span> <span class='ocrx_word' id='word_1_236' title='bbox 1310 2643 1410 2674; x_wconf 83' lang='lat' dir='ltr'><strong>Pecus</strong></span> <span class='ocrx_word' id='word_1_237' title='bbox 1422 2665 1432 2679; x_wconf 91' lang='lat'>‚</span> <span class='ocrx_word' id='word_1_238' title='bbox 1452 2650 1522 2675; x_wconf 76' lang='lat' dir='ltr'><strong>non</strong></span> <span class='ocrx_word' id='word_1_239' title='bbox 1545 2639 1654 2672; x_wconf 74' lang='lat' dir='ltr'><strong>solnm</strong></span> 
     </span>
    </p>
   </div>
  </div>
 </body>
</html>
