1846 3184
329 346 410 388 106

656 344 708 385 A.
740 343 986 387 PERSII
1026 343 1279 386 FLACCI

377 427 549 469 Seriolae
565 436 749 468 veterem
768 437 962 469 metuens
981 425 1186 479 deradere
1203 427 1355 468 limum
1370 458 1383 480 ,

378 503 584 561 Ingemit,
598 503 682 545 hoc
695 502 806 544 bene
818 503 892 556 sit,
908 503 1148 545 tunicatum
1163 518 1263 545 cum
1279 504 1365 546 sale
1380 502 1580 545 mordens
1618 506 1662 544 3ο

319 631 375 678 gia
397 630 554 664 hominis
580 629 675 664 avari
701 628 895 676 descriptio
922 642 965 664 ex

321 683 510 731 adjunctis.
539 684 575 716 Is
592 708 602 724 ‚
627 683 748 729 inquit
764 708 774 724 ‚
795 684 880 716 cum
906 683 965 717 alii

320 736 438 770 Genio
457 735 672 781 indulgent,
693 747 799 768 suum
824 734 965 769 defrau-

321 790 395 824 dat·
419 790 514 822 P.—
527 791 751 832 Quandoque,
764 802 833 835 pro
857 802 966 836 quan-

1020 646 1035 660 ·
1051 639 1209 677 quatuor
1220 639 1339 677 partes
1348 639 1494 677 pateant
1503 657 1515 674 ,
1529 631 1587 666 vel
1601 643 1661 666 ve-

1021 699 1035 713 «
1051 691 1146 717 tusta
1163 697 1171 717 :
1189 684 1246 719 vel
1267 684 1425 731 compita
1446 696 1519 718 non
1543 684 1662 718 solum

1021 753 1035 766 ι
1051 744 1137 770 sunt
1162 737 1197 770 in
1227 737 1328 771 Urbe
1351 737 1454 779 loca,
1470 736 1533 770 sed
1554 737 1661 771 etiam

1021 806 1035 819 ι
1049 789 1114 823 viae
1130 789 1286 835 publicae
1304 801 1344 823 ac
1363 789 1580 826 diverticula
1597 791 1662 824 ali-

320 843 600 889 documque.—
617 846 736 886 Iugum
761 852 896 885 pertusa
921 845 970 875 ad
1020 858 1035 871 ·=
1050 854 1210 888 quorum
1233 842 1460 883 confinium,
1483 843 1548 877 ubi
1575 843 1661 878 aedi-

319 898 458 939 compita
466 897 558 941 figit.
579 894 662 929 Haec
686 904 781 929 certe
803 894 965 930 indicant

319 949 553 983 cessationem
571 949 690 995 operis
714 948 850 981 rustici.
869 948 965 981 Tum

317 1015 402 1037 vero
409 1004 535 1049 jugum
544 1001 793 1048 suspenditur,
803 1001 964 1047 agricolae

318 1067 414 1089 sacra
434 1063 611 1102 peragunt
623 1080 633 1096 ‚
652 1065 687 1089 et
709 1055 855 1089 hilarius
879 1067 965 1088 con-

317 1108 407 1142 vivia
435 1108 645 1150 celebrant;
673 1107 772 1154 quod
798 1116 895 1154 patet
921 1121 966 1142 ex

321 1161 467 1195 Tibullo
478 1187 488 1203 ‚
508 1161 571 1195 lib.
588 1162 627 1195 ΙΙ
638 1186 647 1202 ,
662 1162 771 1208 eclog.
789 1173 803 1195 1
820 1174 828 1194 :

317 1227 401 1257 Luce
410 1226 494 1256 sacra
502 1249 511 1262 ‚
521 1226 686 1266 requiescit
695 1227 805 1256 humus
812 1227 966 1266 „requies-

401 1274 444 1304 cit
460 1279 577 1310 arator,

357 1321 396 1350 Et
415 1330 526 1360 grave,
543 1330 690 1360 suspenso
711 1330 850 1357 vomere,
868 1327 964 1351 cessat

400 1378 490 1407 opus.

315 1425 384 1460 Sed
396 1450 405 1466 ‚
418 1427 502 1472 juga
520 1424 564 1460 ad
588 1426 743 1472 compita
761 1439 938 1473 reponere
953 1440 963 1470 ;

315 1478 404 1514 cur?
418 1487 480 1513 aut
498 1492 572 1513 non
596 1492 663 1513 suo
688 1492 841 1526 quaeque
859 1481 961 1522 loco,

315 1533 379 1566 ubi
393 1533 522 1567 servari
536 1533 651 1567 solent
665 1542 700 1567 et
714 1533 836 1568 haberi
852 1546 963 1580 quan-

315 1585 364 1619 do
374 1598 447 1619 non
457 1586 698 1633 occupantur?
706 1587 813 1620 Hunc
822 1599 962 1621 morem

314 1652 351 1673 se
373 1639 537 1686 ignorare
560 1640 714 1686 ingenue
739 1640 868 1674 fatetur
895 1640 960 1674 Ca-

314 1692 506 1726 sanbonus.
530 1692 679 1726 Prateus
706 1692 756 1726 ita
781 1692 957 1739 explicat:

315 1743 618 1791 quandocumque
638 1743 716 1791 figit
734 1746 818 1791 juga
839 1743 960 1789 (domi

314 1797 474 1843 scilicet)
487 1823 498 1839 ‚
517 1800 566 1831 ud
585 1800 724 1841 compita
745 1808 899 1841 pertusa,
920 1797 960 1832 id

314 1858 368 1884 est
379 1874 390 1891 ‚
409 1849 454 1883 ad
467 1851 669 1896 compitalia
688 1851 775 1885 festa
792 1863 961 1897 peragen-

314 1902 372 1937 da.
383 1907 517 1936 Pertusa
526 1928 536 1944 ,
551 1903 653 1937 addit
666 1903 763 1938 idem
773 1929 784 1946 ,
798 1904 960 1951 designat

312 1965 370 1990 tan
375 1964 451 1989 tum
459 1956 574 1990 solere
581 1957 781 2002 compitalia
787 1957 959 1991 celebrari

311 2009 350 2042 in
373 2008 461 2043 locis
481 2009 612 2055 perviis
639 2018 675 2043 et
700 2010 955 2056 frequentatiS‚

311 2060 473 2108 adeoque
488 2063 526 2096 in
545 2062 725 2109 compitiS.
748 2062 831 2096 Haec
850 2064 959 2098 inter-

309 2115 465 2161 pretatio
481 2114 570 2149 dura
589 2115 692 2149 nobis
705 2115 850 2149 videtur
862 2141 872 2158 ‚
890 2129 958 2150 nec

312 2168 386 2202 ulla
406 2169 619 2203 auctoritate
649 2168 872 2203 confirmata.
900 2170 957 2203 Ita

312 2220 463 2255 demum
491 2230 562 2257 vet.
598 2222 715 2256 schol.
750 2239 765 2252 ι
786 2222 955 2268 Compita

313 2291 328 2304 ι
344 2282 430 2308 sunt
448 2274 527 2309 loca
549 2275 588 2308 in
617 2274 833 2322 quadriviis,
853 2276 953 2322 quasi

314 2344 330 2357 α
346 2336 466 2362 turres
487 2352 498 2370 ‚
528 2328 594 2362 ubi
624 2327 794 2362 sacrificia
813 2354 825 2370 ‚
850 2328 954 2362 finita

314 2398 328 2410 ιι
343 2381 572 2428 agricultura,
580 2381 707 2416 rustici
717 2381 953 2416 celebrabant.

314 2450 328 2463 ι
344 2434 477 2468 Merito
484 2445 638 2479 pertusa,
651 2435 736 2482 quia
750 2448 818 2482 per
830 2447 955 2470 omnes

1021 912 1035 925 ι
1051 895 1139 928 culae
1153 904 1408 930 consecrantur
1421 905 1598 942 patentes.
1616 899 1661 931 In

1021 965 1035 978 ι
1050 948 1105 981 his
1115 949 1200 994 juga
1218 948 1330 983 fracta
1348 949 1393 983 ab
1413 950 1578 996 agricolis
1592 963 1662 997 po-

1021 1010 1194 1035 «nuntur
1210 1027 1221 1044 ‚
1245 1002 1388 1036 emeriti
1418 1012 1456 1037 et
1486 1003 1661 1038 elaborati

1021 1071 1035 1084 ι
1052 1055 1171 1100 operis
1184 1054 1376 1089 indicium.
1389 1071 1405 1084 ι
1420 1055 1661 1102 Quaequidem

1017 1108 1207 1154 explicatio
1248 1108 1291 1142 ab
1330 1108 1529 1155 interprete
1566 1121 1661 1155 pene

1018 1173 1138 1196 coaevo
1153 1161 1308 1208 genuina
1321 1161 1430 1208 magis
1446 1161 1549 1195 nobis
1560 1161 1662 1196 vide·

1017 1223 1092 1249 tur.
1116 1216 1320 1257 Caeterum,
1337 1215 1411 1249 istae
1434 1214 1591 1249 aediculae
1615 1215 1662 1250 de
1699 1236 1703 1237 ν

1018 1268 1150 1315 quihus
1170 1277 1244 1304 vet.
1270 1269 1383 1303 schol.
1406 1268 1575 1315 loquitur
1595 1281 1663 1303 eae-

1018 1319 1101 1354 dem
1121 1333 1194 1355 esse
1211 1320 1385 1355 videntur
1402 1332 1442 1354 ac
1453 1322 1532 1354 Iani
1537 1322 1644 1364 pervii
1649 1345 1661 1360 ,

1016 1385 1176 1418 quorum
1208 1374 1445 1416 Montfaucon‚
1469 1373 1660 1420 Antiquite

1014 1427 1237 1473 Expliquee‚
1249 1426 1289 1459 T.
1303 1427 1362 1460 ΙΙΙ
1371 1451 1382 1468 ,
1394 1425 1546 1473 figuram
1556 1427 1661 1461 uobis

1015 1479 1174 1513 exhibet.
1194 1481 1237 1513 A.

1064 1544 1118 1577 29.
1129 1534 1259 1565 SerioIae
1268 1533 1434 1578 veterem]
1450 1534 1591 1572 Sedala,
1604 1532 1660 1566 di-

1014 1586 1235 1620 minutivum
1258 1598 1278 1620 a
1301 1589 1396 1619 seria.
1416 1585 1504 1620 vid.
1526 1598 1659 1632 supra,

1014 1648 1075 1673 sat.
1099 1640 1138 1672 II
1150 1664 1161 1679 ‚
1175 1653 1210 1674 v.
1234 1652 1248 1673 1
1258 1651 1271 1672 1
1280 1665 1288 1673 .
1299 1659 1346 1665 —-
1355 1641 1524 1672 Deradere
1536 1641 1658 1672 limum.

1012 1692 1159 1725 Limum
1180 1699 1285 1726 vocat
1309 1692 1453 1738 picem3
1472 1692 1539 1726 hac
1559 1692 1658 1726 enim

1011 1745 1174 1779 linebant
1193 1743 1289 1779 dolia
1307 1752 1342 1779 et
1358 1745 1465 1779 serias
1479 1757 1488 1777 z
1503 1743 1589 1779 inde
1606 1757 1659 1779 se-

1012 1799 1080 1832 rias
1101 1799 1254 1832 relinere
1270 1824 1281 1840 ‚
1304 1806 1339 1832 et
1352 1823 1363 1840 ‚
1388 1806 1514 1832 contra
1529 1823 1540 1840 ‚
1561 1800 1658 1831 dera-

1012 1854 1088 1884 dere
1103 1853 1224 1884 limum.
1237 1850 1295 1884 Sic
1308 1851 1459 1885 Casaub.
1470 1851 1635 1886 Attamen
1645 1875 1657 1893 ,
1675 1879 1680 1883 .

1012 1905 1093 1938 hoc*
1108 1904 1220 1939 verbo
1253 1904 1388 1944 limum,
1409 1903 1554 1939 videtur
1581 1916 1657 1938 non

1012 1958 1130 1993 solum
1146 1958 1227 2005 pice
1245 1958 1353 1992 serias
1371 1966 1407 1992 et
1424 1957 1520 1992 dolia
1536 1957 1659 1995 linisse

1010 2020 1172 2054 veteres3
1188 2010 1251 2045 sed
1268 2020 1305 2045 et
1320 2010 1442 2058 argilla
1457 2023 1606 2058 quoque
1621 2019 1657 2046 et

1010 2065 1112 2098 limo.
1133 2065 1176 2097 A.

1059 2117 1117 2151 3ο.
1146 2119 1304 2162 Ingemit,
1325 2118 1387 2150 hoc
1411 2120 1490 2150 bene
1509 2116 1571 2162 sit]
1598 2117 1656 2150 Oh

1009 2169 1215 2210 avaritiam,
1238 2178 1410 2216 tanquam
1434 2181 1511 2203 rem
1533 2169 1654 2215 magni

1009 2223 1177 2268 sumptus
1193 2223 1318 2263 faciat,
1341 2222 1435 2256 tristi
1452 2233 1542 2256 voce
1560 2220 1655 2255 illud

1007 2276 1167 2310 solemne
1180 2276 1396 2321 pronuntiat
1410 2288 1419 2308 :
1436 2277 1498 2308 hoc
1511 2277 1592 2308 bene
1603 2276 1655 2307 sic.

1007 2329 1127 2363 Verba
1151 2328 1325 2362 solemnia
1351 2336 1387 2362 et
1408 2326 1655 2374 deprecatoria

1008 2380 1164 2428 antiquis
1176 2380 1344 2427 usurpari
1353 2380 1455 2414 solita
1467 2380 1506 2414 in
1520 2380 1655 2426 magnis

1008 2435 1194 2481 susceptis.
1215 2434 1352 2468 Pariter
1370 2442 1406 2468 et
1425 2434 1463 2468 in
1482 2434 1655 2468 conviviis

357 2555 398 2583 V.
422 2565 475 2595 ²9·
501 2555 654 2585 Veteret'n.
673 2554 752 2587 Cod.
769 2553 918 2592 Piffioei,
932 2553 1072 2590 veteris,
1086 2564 1158 2584 non
1175 2552 1260 2585 male
1277 2562 1422 2595 quoque.
1441 2553 1562 2585 Noster
1577 2552 1653 2584 cod.

315 2612 349 2636 et
363 2606 435 2644 alii,
452 2615 606 2638 veterem.
621 2607 707 2638 Edit.
727 2614 792 2639 vet.
810 2607 933 2639 Britan.
952 2614 984 2638 et
999 2606 1139 2645 Aldina,
1155 2605 1285 2637 veteres.

358 2677 400 2706 V.
425 2678 478 2707 30.
504 2678 559 2709 Sit.
581 2678 634 2711 Fit
650 2689 716 2722 pro
737 2677 780 2709 sic
796 2677 897 2710 hahet
921 2677 995 2709 cod.
1018 2677 1212 2716 Thuaneus,
1233 2675 1322 2708 facili
1347 2675 1553 2713 &emtione
1573 2674 1653 2707 scri-

311 2728 419 2759 hemis
426 2728 459 2771 f
462 2741 523 2772 pro
539 2742 561 2760 s.
