1898 3216
296 254 395 297 xxiv
674 253 1043 298 ELENCHUS
1090 254 1282 299 CODD.

603 359 701 402 XII.
729 359 877 402 Codex
899 361 1067 402 Pz'tltoez'
1086 361 1136 403 II
1162 361 1338 420 (8072).

348 482 448 522 Vide
479 482 698 521 Elenchum
730 483 911 521 codicum
940 483 1136 521 Juvenalis
1154 512 1165 530 ,
1189 486 1233 522 T.
1261 485 1301 520 II
1315 512 1325 529 ,
1354 496 1394 534 p.
1427 481 1476 520 35
1502 473 1645 522 nost‘rae

296 547 388 586 edit.
404 550 451 585 In
466 547 541 585 hoc
559 548 693 585 codice
708 547 847 593 Persii,
867 548 990 586 satirae
1006 556 1166 586 exaratae
1185 556 1276 585 sunt
1290 548 1331 585 in
1346 547 1433 585 cod.
1447 555 1620 598 separato
1631 574 1644 594 ‚

296 621 342 650 ut
362 612 551 658 diximus,
570 613 650 649 XII
676 612 778 649 soliis
798 620 1006 650 constante.
1033 613 1230 664 Scriptura
1253 619 1399 663 spectat
1416 611 1465 649 ad
1483 613 1557 650 XV
1576 623 1647 649 εω-

298 676 446 714 culum.
464 679 650 714 Praeterea
668 676 892 714 inscribitur
910 678 1105 713 Latim'ac.

490 782 610 823 XIII.
650 781 797 824 Codex
822 782 975 840 absque
999 784 1166 824 nomine
1194 781 1245 824 II
1276 781 1454 840 (8273).

352 895 676 937 Membranaceus
703 899 743 936 in
774 900 811 943 4ο
825 927 835 944 ,
863 905 1042 936 constans
1069 913 1120 949 99
1150 899 1254 937 foliis
1266 929 1277 946 ‚
1297 899 1456 937 ineunte
1485 900 1560 936 XV
1579 911 1650 936 sae-

299 963 391 1000 cuto
402 991 412 1008 ,
427 964 579 1014 egregie
597 972 635 1000 et
652 977 673 1000 a
689 976 807 1000 manu
825 962 939 999 docta
955 963 997 1000 in
1015 962 1126 999 Italia
1145 964 1324 1014 scriptus.
1340 966 1482 1002 Praeter
1495 963 1650 1011 satiras,

300 1028 418 1066 habet
433 1028 551 1066 vitam
569 1028 688 1065 Persii
711 1035 750 1065 et
775 1027 1099 1064 commentarium
1116 1029 1289 1066 Cornuto
1311 1028 1556 1066 attributum.

477 1143 599 1185 XIV.
631 1142 778 1185 Codex
810 1143 963 1201 absque
998 1144 1167 1184 nomine
1192 1132 1264 1184 III
1296 1141 1475 1200 (8274).

358 1253 443 1292 Sub
461 1253 600 1291 eodem
617 1253 726 1303 signo
743 1252 897 1289 arithm.
914 1253 1162 1303 reperiuntur
1181 1261 1258 1290 tres
1279 1253 1434 1291 codices
1454 1253 1665 1292 satirarum

303 1318 441 1363 Persii,
463 1330 597 1355 omnes
615 1317 755 1354 eodem
782 1316 926 1353 saeculo
944 1319 1018 1353 XV
1037 1317 1190 1353 exarati.
1212 1316 1385 1362 Primus,
1404 1317 1628 1355 chartaceus
1643 1347 1655 1365 ‚

307 1395 354 1419 12
375 1381 479 1421 foliis
495 1389 674 1418 constans
686 1409 696 1426 ,
716 1380 873 1418 exhibet
891 1389 967 1418 tres
986 1380 1118 1417 satiras
1132 1380 1252 1417 Persii
1269 1380 1434 1434 integras
1447 1410 1456 1427 ‚
1478 1389 1517 1418 et
1527 1374 1659 1420 'tertiae

303 1458 483 1497 magnam
500 1453 649 1496 partem
666 1458 791 1495 usque
807 1444 856 1481 ad
870 1457 967 1481 vers.
991 1445 1064 1481 108
1078 1473 1089 1491 ,
1102 1452 1206 1481 recte
1225 1444 1390 1495 scriptus
1401 1472 1412 1490 ,
1431 1445 1499 1482 sed
1518 1458 1658 1496 parum

304 1518 481 1547 accurate
496 1537 507 1555 ‚
528 1517 567 1546 et
590 1509 699 1560 parvi
719 1508 920 1546 momenti.
943 1507 1076 1554 Alter,
1099 1508 1438 1554 membranaceus,
1459 1508 1659 1558 complec-

308 1574 405 1610 titur
435 1586 570 1611 omnes
598 1573 729 1610 satiras
759 1572 839 1609 sine
865 1571 989 1617 notis,
1011 1579 1069 1608 sat
1094 1572 1194 1609 bene
1221 1579 1394 1617 curatas,
1413 1571 1482 1609 sed
1506 1572 1659 1609 mendis

307 1637 458 1689 ubique
473 1637 643 1674 refertas.
662 1636 727 1673 Ad
744 1636 863 1673 finem
881 1636 993 1687 cujus
1012 1634 1095 1672 haec
1113 1634 1277 1686 legenda
1295 1643 1408 1672 sunt:

436 1741 500 1788 Es
518 1739 828 1788 s1luestr1nus
848 1740 990 1787 labor
1019 1757 1050 1786 o
1079 1757 1190 1786 mea
1206 1715 1340 1787 'cura
1363 1739 1530 1786 hbelle

505 1820 669 1876 Quem
695 1833 804 1864 mea
826 1826 875 1862 te
897 1813 1087 1881 sempsit
1108 1814 1358 1881 mgemosa
1377 1813 1568 1863 manus.

309 1947 481 1993 Deinde,
502 1946 658 1985 carmen
684 1946 749 1983 cui
776 1945 940 1984 titulus:
966 1947 1117 1983 Ovidius
1142 1946 1193 1982 de
1218 1946 1376 1982 vocibus
1401 1946 1665 1996 appropriatis·

312 2014 444 2049 avibus
465 2020 505 2049 et
529 2012 843 2061 quadrupedibus
851 2026 868 2058 ,-
888 2019 925 2049 et
954 2011 1126 2062 primum
1154 2009 1203 2048 de
1230 2010 1450 2048 Philomela
1468 2039 1485 2058 ,
1515 2010 1569 2048 sic
1596 2010 1661 2048 in·

312 2075 462 2128 cipiens
480 2087 493 2113 τ

498 2150 625 2185 Dulcis
641 2151 751 2186 amica
765 2151 848 2186 veni
866 2151 984 2186 noctis
1001 2150 1124 2186 solatia
1141 2157 1333 2197 praestans;

547 2211 650 2244 Inter
667 2223 748 2246 aves
767 2211 899 2245 etenim
915 2211 1015 2245 nulla
1033 2208 1089 2245 tui
1107 2208 1252 2252 similis,
1270 2219 1337 2245 etc.

313 2312 465 2349 Tertius
481 2311 643 2349 demum
654 2340 665 2358 ‚
682 2311 906 2350 chartaceus
919 2341 931 2359 ‚
954 2312 999 2349 13
1016 2310 1120 2349 foliis
1138 2318 1338 2356 constans,
1358 2308 1476 2347 habet
1489 2308 1663 2346 Persium

314 2375 512 2426 integrum
527 2389 619 2414 cum
635 2375 792 2415 scholiis
809 2375 1096 2428 copiosissimis,
1112 2374 1212 2414 Satis
1226 2373 1421 2425 eleganter
1435 2381 1475 2411 et
1489 2380 1666 2411 accurate

316 2448 514 2488 exaratur,
534 2450 573 2479 et
590 2449 649 2479 est
666 2442 853 2493 optimus.

574 2541 687 2583 XV(
713 2541 860 2583 Codex
887 2538 1188 2583 Mentellianus
1219 2536 1401 2595 (8282).

369 2642 601 2684 Chartaceus
632 2646 674 2684 in
709 2646 747 2693 4⁰
779 2646 874 2685 min.
909 2653 1090 2685 constans
1132 2642 1206 2684 135
1240 2642 1344 2682 foliis
1363 2671 1375 2690 ‚
1410 2641 1553 2682 saeculo
1587 2643 1661 2681 XV
