1846 3184
328 345 381 387 18
677 344 730 385 A.
763 342 1010 386 PERSII
1049 342 1297 387 FLACCI

825 441 847 466 Ρ
869 441 895 467 E
917 441 944 467 n
969 441 988 467 s
1014 442 1030 467 1
1053 442 1081 466 u
1105 441 1140 468 s.

379 501 446 544 En
467 499 626 559 pallor,
645 500 924 558 seniumque?
944 502 983 542 Ο
1005 504 1165 543 mores!
1182 514 1318 558 usque
1335 499 1502 543 adeone

382 577 498 619 Scire
515 587 637 618 tuum
654 576 763 618 nihil
780 587 863 629 est,
883 577 1022 618 uisite
1041 577 1147 619 scire
1163 577 1246 619 hoc
1266 577 1368 618 sciat
1385 577 1489 619 alter
1506 576 1530 616 Ξ>

761 666 1207 695 Anvnnssnxu&

379 730 437 770 At
453 727 682 786 pulchrum
705 738 767 769 est
790 727 924 786 digito
947 729 1197 780 monstrari,
1215 738 1257 769 et
1273 727 1429 782 dicier,
1445 727 1511 768 hic
1529 736 1603 769 est.

378 803 481 845 Ten’
504 803 759 844 cirratorum
783 813 957 844 centum
982 802 1139 845 dictata
1163 803 1318 856 fuisse,

380 878 465 919 Pro
483 878 620 919 nihilo
638 876 797 935 pendas
815 876 833 917 Ξ)

827 966 1147 994 Pssnslus.

838 1027 951 1069 Ecce
973 1028 1084 1070 inter
1108 1028 1262 1087 pocula
1285 1012 1483 1086 qua-erunt
1609 1035 1658 1068 3ο

323 1177 491 1219 eruditio,
507 1176 544 1210 in
558 1175 676 1210 anitno
688 1175 759 1210 levi
772 1183 807 1210 et
822 1175 964 1210 inanem

321 1232 469 1278 gloriam
491 1229 688 1271 ambiente,
707 1229 866 1263 habitare
889 1241 963 1262 non

321 1292 459 1330 potest,
473 1282 563 1330 quin
581 1282 718 1316 attollat
735 1281 839 1314 illum
857 1289 964 1327 atque

321 1336 434 1379 inflet;
445 1344 494 1378 et,
506 1343 549 1369 ut
562 1333 762 1380 caprificus,
775 1334 866 1367 foras
878 1346 963 1380 pro-

322 1388 419 1428 dire,
441 1395 477 1421 et
500 1385 660 1432 agnosci,
679 1383 890 1431 laudarique
918 1384 962 1418 ab

323 1440 490 1475 omnibus
509 1438 642 1484 cupiat.
661 1437 704 1471 C.

372 1495 426 1526 26.
438 1495 486 1524 En
495 1490 630 1535 pullen]
648 1490 691 1522 In
706 1489 829 1530 tertia,
843 1490 904 1522 hoc
917 1499 967 1523 ese

323 1547 415 1590 quod
417 1546 535 1588 palles.
543 1542 698 1585 Quintil.
710 1542 794 1576 VII.
804 1542 963 1577 Institut.

323 1600 426 1631 Nemo
451 1604 630 1639 exspectet,
649 1604 686 1627 ue
707 1595 814 1627 alieno
840 1603 964 1627 tantum

324 1652 436 1684 labore
451 1650 494 1681 sit
508 1649 641 1681 disertus
652 1660 663 1679 .·
681 1648 887 1691 ‘vigilandum
905 1649 969 1679 du-

325 1712 399 1741 cat,
418 1703 532 1734 iterum
550 1701 734 1732 enitendum
744 1724 755 1738 ,
764 1701 966 1743 pallendum.

324 1755 581 1796 —Seniumque.
593 1751 769 1797 Pallorem
782 1759 816 1785 et
827 1751 966 1785 senium

325 1806 557 1841 immaturum
578 1802 802 1837 eruditorum
833 1803 882 1837 sic
909 1802 968 1836 de-

326 1858 450 1893 scribit
458 1858 628 1896 Araeteus‚
638 1867 715 1902 cap.
726 1855 772 1889 de
780 1855 969 1890 affectibus

326 1911 515 1948 stomachi,
535 1909 656 1943 dicens
675 1915 685 1935 ²
706 1905 796 1943 Οἷσιν
815 1909 969 1955 ὑπεροψίη

329 1965 387 2011 μὲν
414 1961 543 2002 διαίτης
556 1984 575 2003 ,-
591 1959 692 2007 ἁδρῆς
721 1962 776 1995 καὶ
801 1962 945 2000 ποικίλης
958 1985 968 1998 ‚

326 2018 417 2062 λιμὸς
436 2013 475 2049 δὲ
493 2016 516 2051 ἦ
534 2015 648 2061 τροφὴ,
669 2014 723 2048 καὶ
741 2011 827 2060 ὕδωρ
846 2015 943 2048 ποτὸν
957 2037 967 2051 ,

330 2068 385 2103 καὶ
409 2070 439 2102 ἐν
468 2068 558 2114 ὕπνῳ
585 2067 715 2103 domin.
742 2067 787 2099 Et
807 2066 941 2100 ibidem
958 2090 970 2106 ‚

330 2118 443 2156 τοῖσδε
470 2117 520 2154 οὖν
547 2116 693 2155 τηκεδὼν
721 2120 777 2165 μὲν
806 2122 862 2152 τοῦ
891 2119 970 2155 σκή-

330 2186 422 2213 νεος,
441 2173 569 2219 duom,
587 2171 642 2205 καὶ
669 2173 700 2206 ἐν
726 2171 852 2206 νεότητι
871 2184 971 2217 γηρα-

331 2227 413 2263 λέοι,
432 2224 487 2259 καὶ
510 2225 567 2258 ὑπ’
594 2225 709 2263 ἐννοίης
737 2223 850 2268 κωφοὶ,
871 2223 971 2269 ψυχὴν

333 2277 373 2312 δὲ
390 2274 560 2324 ἀμειδέις,
576 2277 747 2322 ἀμείλιχον..
766 2276 808 2309 C.

381 2348 436 2382 27.
449 2336 535 2367 Scire
549 2342 638 2366 tuum
649 2334 733 2366 nihil
743 2335 809 2378 esc]
819 2333 974 2380 Ergone,

332 2399 462 2423 vanam
495 2386 643 2433 gloriam
671 2386 771 2422 velut
804 2386 975 2420 ultimum

332 2440 441 2481 finem
447 2440 611 2474 laborum
617 2446 766 2473 tuorum
774 2437 976 2473 constituis?

335 2495 379 2527 D.
388 2487 609 2540 Augustinus
617 2516 629 2533 ‚
641 2492 742 2538 epist.
756 2491 799 2525 56
809 2516 820 2532 ‚
831 2491 976 2525 Diosco-

337 2558 421 2583 rum
428 2545 551 2580 laudes
558 2553 750 2585 sectantem
758 2544 977 2591 perstringit,

339 2598 504 2631 Persiano
522 2598 591 2631 hoc
609 2598 688 2644 ipso
708 2599 787 2632 loco
803 2610 811 2630 :
833 2601 920 2630 Tune
930 2621 941 2636 ‚
958 2597 978 2629 6

339 2653 490 2684 Dioscore
499 2676 510 2690 ,
525 2665 584 2684 nec
596 2654 738 2685 Persium
752 2661 842 2684 tuum
853 2651 979 2694 respicis

339 2712 483 2736 contorto
499 2705 660 2738 versiculo
677 2705 738 2739 tibi
754 2705 978 2743 insultantem,

1016 1186 1076 1210 etc.
1118 1177 1175 1211 Ibi
1211 1177 1412 1212 Persianam
1443 1179 1659 1214 sententiam

1015 1231 1142 1272 affert,
1160 1239 1194 1265 et
1212 1232 1365 1278 graviter
1380 1231 1542 1278 explieat.
1565 1233 1609 1267 A.

1066 1283 1119 1316 28.
1143 1287 1191 1316 Ae
1205 1285 1378 1327 pulchrum
1400 1294 1466 1323 est,
1484 1287 1558 1329 eta]
1582 1284 1659 1323 Ob-

1013 1336 1122 1382 jectio
1139 1335 1330 1372 adversarii
1349 1336 1510 1385 ejusdem
1525 1337 1662 1372 farinae.

1014 1405 1062 1411 -—
1082 1389 1192 1430 Digito
1227 1391 1409 1421 monstrari.
1444 1388 1660 1429 δακτυλοδει-

1015 1442 1182 1474 κτεῖσθαιε
1203 1453 1294 1487 saepe
1310 1441 1348 1474 in
1370 1442 1502 1477 bonam
1521 1452 1662 1490 partem

1015 1492 1202 1538 accipitur.
1363 1488 1367 1492 ’
1524 1527 1530 1529 Δ

1065 1557 1118 1589 29.
1140 1547 1215 1577 Ten'
1231 1547 1448 1590 cirratorum-J
1470 1547 1551 1581 Mos
1563 1555 1663 1582 vete-

1016 1610 1100 1631 rum
1130 1596 1463 1644 ludimagistrorum
1492 1607 1568 1633 erat
1583 1624 1594 1641 ‚
1617 1607 1662 1635 ut

1019 1649 1204 1695 discipulis
1213 1650 1284 1683 suis
1295 1662 1368 1684 non
1383 1663 1509 1685 eorum
1517 1659 1663 1686 tantum

1018 1702 1148 1748 scripta
1182 1702 1416 1749 praelegerent
1446 1704 1663 1750 scriptorum

1019 1767 1110 1803 quos
1125 1763 1279 1792 vetustas
1297 1756 1583 1801 commendaret3
1599 1757 1664 1792 sed

1019 1810 1125 1842 etiam
1137 1809 1347 1844 nobilissimi
1361 1811 1533 1857 cujusque
1547 1821 1665 1858 equa-

1020 1862 1110 1895 lium
1117 1873 1274 1896 suorum.
1281 1861 1377 1897 Nero
1383 1875 1464 1897 suos
1470 1875 1593 1898 versus
1597 1875 1665 1910 per

1023 1912 1157 1946 scholas
1176 1911 1304 1946 dictari
1325 1913 1516 1959 imperasse
1537 1913 1639 1947 aiunt
1651 1925 1667 1957 ς

1023 1964 1123 2012 quod
1148 1973 1183 1998 et
1205 1965 1265 1999 alii
1281 1965 1382 2000 velut
1408 1965 1581 2000 decorum
1596 1965 1666 2000 sihi

1022 2018 1302 2051 affectarunt.—-
1315 2020 1526 2053 Cirr-acorum.
1552 2018 1667 2053 Nobi*

1021 2069 1110 2103 lium
1144 2071 1321 2116 juvenum
1356 2083 1514 2118 quorum
1546 2071 1668 2106 cirrati

1023 2122 1139 2156 solent
1155 2134 1228 2156 esse
1242 2122 1361 2168 capilli
1371 2148 1382 2165 ‚
1397 2121 1499 2156 idest
1508 2148 1518 2163 ,
1532 2123 1670 2157 cincin-

1024 2175 1100 2209 nati
1113 2184 1148 2209 et
1163 2175 1331 2210 contorti.
1346 2174 1388 2208 C.
1398 2183 1434 2209 et
1445 2174 1485 2208 P.

1059 2228 1078 2262 3
1082 2241 1113 2261 ο.
1118 2231 1199 2260 Ecce
1205 2230 1218 2260 i
1218 2242 1238 2260 n
1241 2238 1290 2261 ter
1288 2226 1670 2274 pocula-JLepidissima

1025 2279 1139 2312 ironia
1159 2278 1357 2313 adversario
1380 2290 1447 2312 sno
1472 2277 1669 2325 respondet

1025 2335 1131 2377 poeta
1143 2355 1154 2372 ‚
1167 2340 1274 2376 atque
1288 2330 1395 2364 docet
1411 2343 1485 2364 non
1505 2331 1600 2366 inter
1612 2343 1669 2366 res

1026 2383 1672 2425 serias‚sedinteroblectamentalitte-

1026 2449 1082 2471 ras
1090 2437 1210 2470 haberi
1220 2449 1236 2469 a
1248 2436 1430 2482 plerisque
1443 2445 1648 2483 magnatum
1657 2449 1674 2480 ;

1027 2502 1068 2524 ac
1082 2489 1219 2524 laudari
1237 2488 1384 2536 quidem
1401 2489 1444 2523 ab
1463 2489 1507 2523 iis
1522 2493 1645 2536 poetas
1657 2514 1670 2531 ,

1029 2543 1092 2578 sed
1099 2544 1193 2577 inter
1199 2543 1326 2589 pocula
1336 2542 1414 2576 etin
1420 2542 1514 2576 vino.
1522 2542 1613 2576 Inde
1619 2542 1673 2576 in-

1029 2597 1117 2638 fert,
1132 2595 1257 2642 quanti
1272 2593 1492 2628 laudationes
1505 2594 1579 2628 istae
1590 2593 1670 2629 fleri

1030 2650 1182 2684 debeant
1193 2674 1204 2691 ‚
1219 2661 1239 2682 a
1253 2661 1380 2695 parum
1397 2647 1525 2682 sobriis
1543 2656 1579 2682 et
1594 2659 1670 2682 ma-

1030 2700 1124 2737 didis
1146 2701 1329 2748 profectae.
1353 2699 1433 2734 Mos
1455 2707 1575 2734 tamen
1596 2707 1672 2734 erat

1823 2709 1846 2888 mmil
1828 2541 1846 2704 libusuam-m
1835 2497 1846 2535 ,ει
1834 2452 1846 2491 ...nr
1835 2354 1846 2443 κη’-...ζ
1842 2339 1846 2346 .
1828 2302 1846 2331 ι’,
1838 2279 1846 2287 2.

1815 3046 1846 3151 λεῴ

1814 3155 1828 3184 30
