1846 3184
0 339 10 437 u--y-u-
14 277 18 280 .
14 234 17 235 Ἰ

562 234 637 278 IN
666 230 903 293 mansu
929 228 1230 276 SATIRAM
1257 232 1310 276 V.
1526 234 1606 292 195

316 321 366 357 V.
388 318 475 364 145.
502 319 610 355 Urna
632 317 794 362 cicuta]
816 314 951 353 cicun
963 314 1048 365 (aa)
1074 314 1245 353 calorem
1266 315 1309 353 in
1325 315 1439 354 nobis
1457 317 1609 368 frigoris

267 384 329 422 sui
340 384 380 422 vi
389 381 598 433 extinguit:
615 380 720 419 unde
739 379 957 418 sacerdotes
970 379 1120 421 Cereris
1131 379 1339 418 Eleusiniae
1356 380 1509 432 liquore
1524 383 1609 434 ejus

266 447 511 500 ungebantur
521 475 533 493 ‚
550 453 596 483 ut
612 458 634 482 a
651 445 866 483 concubitu
881 444 1133 482 abstinerent.

314 530 366 566 V.
391 527 477 565 153.
495 528 581 564 Hoc
599 527 707 576 quod
722 528 860 576 loquor
872 527 962 563 inde
980 530 1063 573 esa]
1082 512 1289 564 Horatius:

496 617 586 648 Dum
599 615 789 658 loquimur,
807 616 891 659 fugit
907 615 1022 647 invida
1040 622 1126 647 ωε.

316 698 366 734 V.
394 697 480 734 161.
500 699 636 743 Dave,
657 698 755 742 cito,
775 696 848 733 hoc
867 695 1033 741 credam]
1052 696 1166 733 Hunc
1180 694 1315 733 locum
1337 708 1386 734 ex
1406 696 1611 735 Menandri

265 760 460 799 Eunucho
475 760 589 798 traxit
598 790 610 808 ‚
623 760 664 798 in
678 774 759 812 quo
768 762 922 798 Davum
935 773 1089 798 servum
1102 759 1377 798 Chaerestratus
1387 761 1611 800 adolescens

265 823 483 876 alloquitur
498 853 510 871 ‚
533 833 719 875 tanquam
739 837 869 862 amore
891 824 1090 876 Chrysidis
1114 825 1324 862 meretricis
1347 825 1608 863 derelictus*:

263 889 451 941 idemque
470 897 599 926 tamen
622 889 672 926 ab
698 901 742 926 ea
769 898 970 926 revocatus
997 889 1047 926 ad
1070 888 1178 926 illam
1197 889 1309 927 redit.
1327 889 1449 942 Apud
1466 891 1612 929 Teren-

266 953 367 990 tium
378 982 390 999 ‚
411 965 586 1004 personae
604 952 819 990 immutatae
837 960 940 990 sunt.

315 1036 367 1071 V.
391 1033 478 1071 165.
497 1036 550 1070 Et
566 1035 665 1070 udas
687 1034 910 1083 Clztysidis]
930 1033 1037 1073 Udas
1055 1034 1158 1072 fores
1176 1033 1295 1080 dixit,
1313 1048 1411 1087 quas
1424 1045 1613 1075 amatores

263 1097 390 1135 solent
412 1106 614 1149 unguento
637 1097 892 1149 perfundere,
914 1106 1063 1148 eQnte
1085 1099 1247 1150 januam
1272 1098 1430 1138 illarum
1456 1109 1614 1140 noctem

264 1161 430 1213 vigiliis,
448 1170 488 1199 et
505 1171 622 1200 cantu
640 1163 861 1214 transigere.

317 1245 367 1280 V.
389 1257 474 1292 177.
495 1245 620 1294 Vzgrila
638 1252 678 1280 et
692 1245 816 1290 cicera]
832 1243 954 1281 Ludis
965 1243 1183 1282 Floralibus
1198 1245 1328 1283 omnia
1343 1245 1491 1284 semina
1505 1259 1615 1297 spar-

263 1307 454 1359 gebantur
465 1308 506 1346 in
517 1307 730 1359 populum,
742 1316 789 1345 ut
804 1307 920 1346 tellus
932 1308 1042 1346 velut
1056 1308 1285 1346 muneribus
1293 1309 1374 1347 suis
1383 1310 1613 1361 placaretur.

316 1391 365 1426 V.
391 1389 477 1426 180.
490 1390 656 1426 Herodis
667 1390 809 1426 vene‘oe
824 1390 935 1435 dies]
952 1389 1127 1427 Herodes
1143 1390 1251 1441 apud
1266 1393 1287 1427 J
1290 1390 1424 1428 udaeos
1441 1393 1615 1443 regnavit

264 1453 508 1504 temporibus
517 1453 700 1504 Augusti,
712 1453 753 1491 in
767 1453 942 1504 partibus
951 1453 1083 1504 Syriae.
1091 1454 1303 1492 Herodiani
1310 1454 1393 1505 (23)
1401 1469 1492 1507 ergo
1507 1456 1613 1493 diem

264 1516 432 1566 natalem
447 1517 614 1555 Herodis
627 1517 831 1555 observant
842 1547 853 1564 ,
869 1525 916 1555 ut
931 1517 1049 1555 etiam
1062 1518 1242 1555 sabbata:
1259 1532 1341 1570 quo
1357 1518 1421 1557 die
1436 1519 1614 1558 lucernas

262 1593 463 1629 accensas,
482 1590 521 1619 et
537 1581 652 1619 violis
669 1590 870 1619 coronatas
887 1582 929 1619 in
949 1581 1126 1620 fenestris
1147 1591 1313 1633 ponunt.

314 1666 365 1701 V.
388 1664 473 1709 181..
487 1666 734 1714 Recutitaque
752 1666 945 1710 sabbata]
961 1664 1142 1702 Instituta
1156 1665 1385 1704 Jndaeorum
1402 1667 1611 1718 significat,

263 1736 425 1778 propter
438 1728 771 1766 circumcisionem
783 1756 794 1774 ,
811 1742 930 1779 quam
942 1757 953 1774 ,
970 1737 1147 1766 auctores
1159 1731 1276 1767 suos*
1287 1732 1410 1768 secuti
1420 1760 1432 1777 ‚
1449 1731 1611 1769 faciunt.

316 1810 364 1844 V.
386 1808 473 1846 185.
498 1810 651 1858 Ovoque
659 1811 842 1858 pericula
860 1815 997 1859 rupta]
1018 1811 1244 1849 Sacerdotes
1258 1809 1348 1863 qui,
1364 1811 1612 1863 explorandis

266 1870 469 1921 periculis,
489 1885 593 1910 sacra
611 1872 800 1910 faciebant
811 1902 822 1920 ,
843 1874 1044 1912 observare
1059 1874 1235 1912 solebant
1252 1888 1372 1913 ovum
1392 1876 1472 1927 igni
1487 1876 1613 1927 impo-

266 1934 384 1972 situm
393 1928 409 1980 ‚*
416 1943 550 1973 utrum
561 1937 602 1974 in
616 1938 740 1988 capite
750 1966 761 1983 ‚
774 1951 823 1975 an
836 1938 877 1975 in
891 1938 1011 1976 latere
1025 1938 1242 1977 desudaret.
1254 1939 1295 1977 Si
1304 1949 1434 1977 autem
1448 1949 1611 1991 ruptum

265 1997 488 2045 effluxerat,
507 2001 729 2051 periculum
749 2002 785 2039 ei
808 2002 1065 2054 portendebat
1087 2016 1160 2055 pro
1184 2017 1266 2054 quo
1290 2004 1438 2041 factum
1462 2005 1609 2050 fuerat,

264 2062 328 2099 vel
345 2063 402 2100 rei
420 2063 599 2101 familiari
616 2066 713 2117 ejus.
780 2090 786 2094 ›

314 2138 364 2174 V.
386 2138 473 2195 186.
497 2139 591 2176 caim
604 2141 717 2178 sistro
733 2143 840 2178 lusca
853 2143 1060 2189 sacertbs]
1080 2142 1246 2181 Sistrum
1263 2143 1480 2180 sacerdotes
1497 2143 1610 2180 Isidis

262 2209 431 2252 portant.
449 2205 573 2241 Lusca
590 2211 744 2252 autem,
763 2205 852 2243 ideo
871 2205 981 2257 quod
1000 2206 1156 2244 nubiles
1175 2207 1369 2244 deformes
1381 2235 1392 2252 ‚
1413 2205 1503 2244 cum
1522 2219 1609 2254 qia-

260 2265 356 2304 ritos
374 2279 456 2305 non
472 2268 690 2308 invenerint
700 2298 711 2317 ‚
727 2269 777 2308 ad
795 2270 1006 2308 ministeria
1022 2273 1197 2313 Deorum
1212 2284 1251 2308 se
1271 2270 1483 2309 conferant.

814 2437 852 2448 Ἇ
854 2437 1063 2449 sssssssss

1306 2681 1370 2724 13.
