1846 3184
8 1926 23 1940 τ’]
2 1787 31 1919 ..κλειτή-ἢῆ
0 1758 33 1777 ,“”“
10 1739 28 1750 ,··
14 1714 16 1717 ·

582 303 586 307 ,
732 254 763 298 S
774 255 859 298 AT
873 254 896 296 Ι
910 254 998 297 ΒΑ
1036 252 1076 295 V
1088 253 1124 295 I.
1533 268 1551 295 1
1560 269 1615 312 *⁷9

325 342 537 402 Pingitur.
560 341 631 383 An
646 336 823 381 renuis?
844 336 949 378 Vin’
969 346 1020 378 tu
1043 334 1228 395 gaudere
1248 334 1437 393 relictis?

1558 293 1575 312 d

326 419 455 462 Deest
469 415 634 474 aliquid
651 429 840 458 summae.
859 413 1004 456 Minui
1021 411 1155 465 mihi3
1173 410 1253 453 sed
1270 411 1353 452 tibi
1372 421 1513 453 totum
1529 423 1613 464 est,

326 491 556 551 Quidquid
578 491 625 534 id
654 501 729 533 est.
755 490 845 532 Ubi
870 490 952 543 sit,
978 489 1078 548 fuge
1111 502 1330 546 quaerere,
1355 487 1475 545 quod
1505 488 1615 530 mihi

443 568 666 627 quondam

1569 569 1613 603 65

327 647 507 706 legarat
526 644 714 698 Tadius;
731 659 816 687 neu
838 643 951 685 dicta
973 657 1133 701 repone
1151 652 1354 700 paterna:

329 722 510 765 Fenoris
531 720 702 763 accedat
724 735 914 773 merces;
936 719 1039 761 hinc
1062 719 1201 760 exime
1221 728 1430 776 sumptus.

266 844 462 882 fortuitum
474 844 540 878 tibi
553 844 759 878 thesaurum
772 855 914 876 annun-

267 898 321 932 tio
339 906 375 932 et
394 896 548 932 ostendo
568 895 806 943 captandumt
827 904 915 930 tunc

268 963 348 985 mea
364 950 560 990 hereditas,
577 949 747 997 quantula
766 948 811 983 sit
826 949 891 982 tibi
902 974 914 990 ‚

268 1006 398 1052 ἑρμαῖον
411 1004 526 1038 videri
540 1003 660 1038 debet.
671 1023 718 1028 —-
730 1006 772 1035 Ut
783 1005 837 1036 ille
841 1005 918 1047 pin-

266 1059 366 1101 gitur.
383 1056 586 1090 Mercurius
610 1068 818 1090 crumenam
837 1068 916 1102 gra-

269 1109 391 1144 vidam
404 1119 440 1144 et
454 1117 660 1156 turgentem
676 1110 829 1156 pecunia
844 1121 917 1143 ma-

269 1175 323 1197 uu
339 1171 464 1197 tenens
480 1163 708 1210 pingebatur.
729 1161 817 1196 Vid.
837 1162 917 1196 Sui-

269 1215 368 1250 dam.
389 1215 428 1249 C.
441 1224 478 1250 et
495 1216 533 1249 P.

319 1269 379 1303 63.
396 1272 451 1302 An
469 1270 600 1313 tenuia]
618 1267 674 1302 Au
687 1280 763 1302 non
775 1269 828 1302 vis
840 1280 918 1302 mea

270 1322 367 1356 bona
381 1322 495 1357 veluti
511 1322 617 1368 gratis
636 1321 716 1356 data
731 1320 919 1368 accipere?

271 1375 399 1410 Horat.
414 1375 475 1408 lib.
492 1376 552 1417 ΙΙ,
567 1384 629 1409 sat.
645 1375 664 1408 3
679 1389 688 1408 :

268 1454 712 1462 ...............
734 1434 866 1469 Excors,

269 1481 396 1521 Reiecti
409 1480 529 1521 praedi,
544 1491 636 1530 quam
649 1491 780 1521 praesem
795 1481 918 1511 Mercu-

353 1527 418 1558 rius
432 1527 501 1557 fert.

271 1607 319 1612 —
331 1587 406 1619 V‘m'
422 1596 456 1619 tu
475 1588 622 1630 gaudere
643 1588 786 1619 relictis?
803 1586 918 1620 Visne

271 1639 384 1687 poliri
403 1639 604 1674 hereditate
626 1642 726 1682 mea,
745 1640 919 1687 quantula

272 1692 385 1727 fuerit
395 1691 412 1725 ἓ
430 1692 472 1726 P.

322 1748 380 1787 64.
406 1749 504 1778 Deest
529 1747 661 1789 aliquid
686 1744 845 1790 sumnum]
873 1745 920 1778 At

271 1811 418 1832 summa
425 1798 563 1845 aliquid
572 1811 591 1832 a
600 1811 657 1832 me
664 1794 921 1844 consump'tum

274 1850 608 1883 est.—2!tinuimi}1i.
623 1849 666 1881 In
681 1861 802 1882 meum
816 1861 922 1882 usum

274 1899 448 1933 converti.
455 1898 645 1945 Numquid
652 1911 717 1945 ego
727 1911 801 1932 non
807 1911 922 1933 essem

272 1951 366 1985 liber
379 1977 391 1994 ‚
414 1961 450 1986 et
479 1964 643 1986 meorum
669 1953 851 1986 honorum
876 1965 920 1987 ex

272 2005 351 2052 lege
364 2004 574 2051 possessor?
588 2005 720 2052 Regula
732 2006 825 2052 juris
841 2015 915 2046 est:

272 2070 352 2092 rem
364 2058 418 2091 illi
430 2058 548 2104 perire
566 2060 669 2105 cujus
684 2067 736 2092 est
746 2084 758 2099 ‚
774 2059 802 2092 si
814 2057 919 2093 dolus

271 2111 365 2145 absit
381 2119 443 2144 aut
454 2111 523 2144 lata
536 2111 653 2158 culpa.
666 2111 765 2145 Bona
777 2111 919 2146 heredi·

273 2164 356 2199 tatis
370 2173 454 2199 ante
469 2173 621 2199 mortem
634 2164 821 2208 defuncti,
837 2175 922 2201 sunt

271 2217 399 2264 ipsius.
410 2216 596 2265 Quicquid
607 2214 725 2264 igitur,
736 2219 799 2252 iilo
812 2220 899 2253 vivo
908 2245 918 2262 ,

271 2270 320 2304 de
342 2271 448 2304 bonis
471 2272 566 2318 perit
575 2296 586 2314 ‚
604 2271 672 2318 ipsi
695 2272 791 2318 perit
806 2297 818 2314 ,
842 2285 916 2306 non

273 2323 400 2357 futuro
408 2322 546 2358 heredi:
556 2323 740 2370 quomodo
750 2325 846 2358 enim
856 2325 919 2358 ali-

274 2375 364 2421 quid
372 2377 511 2411 amittat
522 2377 723 2424 quisquam,
733 2377 831 2424 quod
845 2391 919 2411 non

275 2428 380 2463 habet
390 2429 406 2463 Ρ
416 2431 513 2465 Bene
529 2431 640 2477 igitur
657 2433 762 2463 minui
772 2432 863 2463 mihi.
873 2451 919 2455 —

968 843 1033 874 Sed
1044 843 1104 874 tibi
1115 851 1232 880 mrum,
1244 842 1357 884 quidq.
1368 841 1406 873 id
1416 850 1474 874 est.
1489 840 1618 883 Quod·

968 906 1124 941 cumque
1142 906 1208 940 ego
1232 894 1389 927 moriens
1410 893 1592 940 reliquero
1605 918 1618 935 ‚

968 948 1037 982 hoc
1048 948 1114 981 tibi
1123 956 1240 982 totum
1251 948 1319 982 erit
1330 956 1365 982 et
1375 947 1616 994 integrum-C.

1016 1003 1075 1036 65.
1094 1003 1157 1034 Ubi
1171 1002 1323 1046 sit,fiage
1340 1002 1515 1047 qua-rere]
1532 1000 1617 1034 Noli

969 1067 988 1088 a
1011 1067 1068 1088 me
1090 1054 1267 1089 rationem
1290 1064 1412 1102 petere
1434 1055 1617 1089 bonorum

970 1120 1134 1142 meorum
1145 1134 1155 1148 ‚
1168 1108 1272 1142 sicuti
1289 1108 1378 1142 solet
1392 1109 1500 1142 herus
1513 1121 1533 1143 a
1550 1107 1622 1142 dis-

969 1168 1156 1207 pensatore
1169 1173 1270 1195 servo
1285 1174 1366 1195 suo.
1385 1161 1426 1195 P.

1017 1215 1077 1247 66.
1101 1214 1252 1259 Tadius]
1268 1214 1298 1247 E
1312 1215 1509 1261 majoribus
1522 1215 1621 1263 quis·

971 1267 1084 1313 piam,
1096 1267 1154 1301 vel
1177 1268 1268 1301 alius
1289 1267 1444 1314 quilibet
1458 1277 1620 1303 testator.

970 1340 1018 1345 ——
1027 1322 1098 1352 Neu
1117 1319 1209 1353 dicta
1229 1334 1349 1364 repone
1360 1331 1515 1365 patema.
1517 1324 1530 1366 ]
1546 1322 1581 1356 N
1581 1333 1622 1356 ee

971 1371 1121 1419 patruus
1136 1373 1225 1407 mihi
1243 1382 1343 1415 esto,
1362 1386 1429 1408 nec
1446 1364 1564 1408 dicta
1554 1388 1621 1408 nn·

971 1425 1130 1485 periosa,
1143 1426 1302 1460 censoria
1315 1434 1350 1460 et
1362 1435 1529 1472 paterna,
1543 1427 1621 1473 qui·

969 1477 1038 1511 bus
1050 1478 1104 1512 uti
1118 1478 1236 1512 solent
1250 1487 1367 1525 patres
1377 1479 1414 1511 in
1426 1479 1622 1525 repetenda

970 1543 1093 1564 rerum
1114 1530 1198 1565 filiis
1220 1531 1439 1565 creditarum
1460 1532 1623 1574 ratione,

972 1583 1061 1616 mihi
1075 1595 1145 1629 pro
1160 1584 1248 1617 meis
1263 1584 1447 1618 beneficiis
1464 1593 1499 1618 et
1513 1586 1625 1620 facul-

971 1636 1130 1676 tatibus,
1149 1649 1238 1682 quas
1264 1636 1332 1669 tibi
1356 1637 1526 1684 relinquo
1538 1662 1549 1679 ‚
1567 1650 1624 1672 re-⁴

970 1700 1067 1734 pone
1089 1697 1125 1722 et
1146 1689 1318 1723 retribue.
1332 1710 1379 1715 —
1393 1694 1548 1723 Paterna.
1567 1691 1623 1726 De

971 1753 1038 1774 suo
1057 1749 1159 1787 patre
1177 1753 1252 1774 non
1274 1741 1437 1788 loquitur
1453 1742 1623 1785 Persius;

972 1806 1055 1828 nam
1073 1807 1168 1841 puer
1188 1804 1328 1842 patrem
1348 1795 1517 1830 Flaccum
1533 1797 1623 1831 ami-

974 1855 1074 1881 serat.
1092 1847 1135 1881 L.

1022 1902 1077 1946 67.
1083 1902 1215 1934 Fertor-is
1221 1902 1359 1934 accedat
1364 1905 1507 1947 memes]
1513 1903 1622 1944 Olim,

972 1955 1057 1987 cum
1080 1953 1242 1988 relictam
1266 1967 1285 1988 a
1307 1967 1364 1989 me
1385 1955 1623 1991 hereditatem

971 2006 1237 2042 administrabis
1261 2033 1273 2049 ‚
1302 2021 1379 2042 rem
1413 2009 1591 2055 amplifica
1610 2023 1620 2043 τ

972 2068 1009 2093 et
1030 2060 1218 2094 fenoribus
1240 2073 1328 2108 auge
1350 2071 1450 2095 tuam
1472 2072 1619 2096 sortem.

971 2116 1156 2146 —Fenoris
1164 2127 1291 2147 merces.
1302 2115 1372 2148 Pro
1384 2117 1487 2149 fenus
1497 2141 1507 2156 ,
1521 2116 1623 2162 quod

974 2175 1027 2201 est
1040 2180 1177 2201 merces
1192 2176 1322 2202 mutuo
1339 2167 1428 2202 datae
1441 2169 1619 2214 pecuniae.

972 2223 1112 2253 —Hinc
1137 2223 1243 2254 exime
1267 2232 1418 2264 sumptus.
1446 2223 1530 2254 Hinc
1543 2246 1555 2260 ‚
1578 2234 1622 2256 ex

971 2274 1115 2317 fenore,
1133 2287 1207 2308 non
1224 2286 1267 2307 ex
1286 2274 1621 2319 sorta—Sumptus.

971 2327 1023 2360 Τὰ
1051 2325 1224 2363 ἐπιτήδεια.
1246 2331 1319 2360 καθ’
1344 2328 1487 2373 ἡμέραν,
1513 2329 1622 2363 etiam

972 2379 1071 2425 apud
1091 2380 1283 2413 Plautum:
1302 2387 1336 2412 et
1352 2380 1485 2415 Graecis
1502 2381 1567 2419 ita.
1586 2383 1621 2416 αἱ

971 2429 1124 2466 δαπάναι
1145 2444 1213 2478 pro
1235 2433 1362 2478 τροφαί.
1386 2434 1442 2467 Ita
1467 2434 1635 2469 Casaubs

321 2540 368 2570 V.
388 2539 446 2571 63.
471 2539 544 2572 Vz‘n'
560 2550 604 2572 tu.
625 2541 729 2581 Codd.
742 2543 879 2572 Putean.
896 2540 1042 2573 colbert.
1053 2543 1092 2581 1,
1107 2549 1140 2573 et
1153 2542 1222 2574 duo
1235 2543 1310 2583 alii,
1323 2544 1432 2576 viem.

324 2605 369 2634 V.
384 2604 443 2636 66.
461 2605 587 2637 Tadius.
603 2607 686 2638 Cod.
703 2613 832 2644 noster,
847 2605 971 2643 Staius,
988 2606 1145 2638 Fauchet.
1164 2608 1235 2640 cod.
1249 2616 1281 2641 et
1299 2616 1365 2640 tres
1384 2610 1458 2651 alii,
1473 2612 1620 2645 Stadius:

276 2654 335 2686 olii
349 2655 462 2695 aliter,
477 2664 515 2688 ut
534 2656 575 2688 fit
593 2669 678 2700 saepe
696 2658 732 2690 iu
749 2657 944 2690 nominibus
963 2659 1116 2701 propriis.

1313 2722 1361 2748 1⁶2
1366 2739 1378 2749 .
