1846 3184
357 288 414 344 98

653 255 657 259 ⁴
697 291 746 331 A.
780 288 1032 332 PERSII
1073 291 1323 333 FLAccl

413 370 606 423 Scilicet,
628 371 874 429 ingenium,
893 383 935 414 et
959 388 1103 414 rerum
1124 373 1353 431 prudentia
1370 374 1494 417 velox

408 448 526 490 Ante
543 446 654 504 pilos
670 447 787 488 venit
803 446 820 488 P
844 447 1025 490 dicenda
1049 448 1310 506 tacendaque
1328 449 1482 492 calles?
1667 456 1688 491 ⁵

413 523 548 581 Ergo,
566 522 645 564 ubi
668 524 881 564 commota
902 523 1036 565 fervet
1059 524 1280 582 plebecula
1300 524 1410 578 bile,

350 664 409 685 πον
420 650 631 684 »curamini
641 663 676 684 τε
687 650 742 684 καὶ
751 655 798 695 τῷ
808 647 992 697 ἀδελφῷβ.

350 705 575 748 -ΖΙῙαὸηἰηη
601 703 726 735 Pericli.
752 701 906 743 Pericli,
926 715 994 748 pro

349 758 490 789 Periclis.
505 755 588 788 Fuit
606 762 724 788 autem
745 754 895 788 Pericles
913 767 994 788 ora-

349 819 408 843 tor
421 834 432 851 ,
459 808 696 854 philosophus
730 815 766 841 et
799 807 992 854 imperator

348 862 518 908 egregius.
544 860 818 894 Atheniensium
846 872 992 907 rempu-

346 914 476 947 blicam
495 926 561 947 ant
570 925 606 948 2*-
627 911 859 959 quadraginta
880 913 991 947 felici-

347 975 401 1001 ter
421 966 891 1009 adminismvit.·—Pupille.
913 966 991 1000 Hoc

346 1021 453 1054 etiam
475 1019 613 1053 dictum
638 1032 711 1053 non
737 1019 827 1053 male
847 1028 990 1054 contor-

346 1083 425 1107 tum
440 1074 477 1107 in
491 1074 671 1108 Neronem
683 1098 693 1115 ‚
709 1086 818 1119 quem
831 1077 971 1116 Poppaea
980 1099 991 1113 ‚

345 1129 494 1159 incusans
505 1140 569 1170 per·
575 1127 721 1170 facetias
730 1151 741 1165 ‚
752 1128 909 1169 pupillum
927 1140 991 1159 vo-

344 1183 461 1219 cahat,
471 1182 569 1225 jussis
586 1181 700 1212 alienis
716 1181 909 1219 obnoxium,
928 1193 992 1212 non

343 1234 438 1264 modo
451 1232 593 1274 imperii,
607 1232 665 1263 sed
674 1232 832 1272 libertatis·
843 1232 988 1274 indigen-

344 1295 405 1317 tem
415 1299 430 1323 ,·
448 1293 488 1318 ut
515 1284 572 1317 cui
596 1283 842 1318 dominaretur
862 1283 989 1330 Agrip-

343 1338 428 1383 pina
441 1345 553 1370 mater
563 1362 573 1379 ,
589 1344 724 1371 tutores
737 1344 855 1369 autem
871 1344 989 1369 essent

341 1391 505 1424 Burrhus
524 1399 558 1423 et
576 1389 720 1423 Seneca.
742 1390 850 1423 Corn.
872 1389 985 1423 Tacit.

341 1443 436 1476 Ann-
450 1443 556 1484 XIV,
574 1442 612 1475 in
629 1442 810 1489 principio
828 1442 924 1476 libri.
944 1442 985 1475 P.

388 1518 422 1555 4.
458 1516 620 1559 Salicem]
645 1515 786 1549 Scilicet
814 1516 986 1562 particula

340 1568 463 1602 ironiae
495 1568 687 1614 aptissima.
719 1570 775 1603 Ita
803 1570 899 1603 enim
929 1570 988 1603 hic

339 1632 461 1654 versus
470 1628 505 1654 et
513 1633 644 1655 novem
653 1629 841 1667 sequentes
849 1621 984 1656 ironice

340 1681 425 1706 sunt
440 1672 598 1720 legendi.
620 1674 663 1707 A.
673 1694 721 1699 —-
733 1676 878 1714 Scilicet,
894 1676 985 1719 inge-

338 1729 427 1758 nium
437 1752 448 1765 ,
463 1736 496 1758 et
507 1739 614 1759 rerum
623 1729 811 1770 prudentia.
825 1727 985 1762 Socrates

338 1779 536 1814 Alcibiadi:
553 1781 633 1814 Ωἶου
653 1781 717 1827 ἄρα
736 1782 909 1820 ἐπίςασθαι
930 1781 985 1816 καὶ

337 1835 417 1871 παῖς
443 1832 484 1866 ὣν
510 1832 555 1866 τὰ
577 1830 693 1867 δίκαια
715 1834 770 1868 καὶ
798 1834 843 1868 τὰ
867 1831 981 1868 ἄδικα.

338 1884 477 1930 Nempe
499 1896 546 1918 ex
567 1885 737 1931 opinione
758 1885 870 1931 ipsius
889 1886 983 1920 Alci-

337 1935 461 1970 biadis.
480 1937 621 1971 Persius
646 1951 732 1973 vero
760 1938 901 1973 duobus
925 1940 981 1973 his

336 1990 499 2024 versibus
512 1990 649 2037 aliquot
668 1992 810 2037 paginas
826 1993 982 2039 comple-

335 2055 405 2077 xus
422 2051 472 2077 est
481 2068 492 2084 ‚
506 2044 638 2090 quibus
652 2043 810 2090 disputat
823 2046 982 2080 Socrates

337 2095 435 2142 apud
455 2096 652 2130 Platonem.
679 2097 720 2131 C.
740 2116 787 2123 -
799 2101 980 2142 Ingenium.

336 2149 403 2182 Illa
411 2149 463 2183 vis
477 2149 586 2182 animi
599 2162 706 2196 supra
714 2150 862 2196 vulgum
875 2151 980 2192 elata,

338 2203 409 2247 qua
417 2203 587 2248 perpauci
596 2202 759 2236 homines
768 2215 892 2249 magna
899 2215 982 2237 con-

337 2255 478 2301 cipiunt
487 2279 499 2296 ‚
514 2263 620 2302 atque
630 2255 835 2302 perficiunt.
849 2256 960 2290 Porro
968 2282 979 2299 ,

336 2308 374 2341 in
403 2308 608 2354 reipublicae
643 2307 948 2344 administratione
968 2335 979 2351 ‚

335 2361 537 2406 plurimum
555 2362 648 2396 valet
669 2362 864 2409 ingenium.
879 2364 918 2396 A.
931 2383 978 2389 —

335 2418 453 2447 Rerum
468 2415 657 2458 prudentia.
678 2415 816 2449 Platoni
835 2422 870 2449 et
882 2416 978 2449 Aris·

336 2468 438 2501 toteli
458 2469 607 2506 πολιτικὴ
634 2467 769 2503 dicitur
790 2470 921 2511 ἁπλῶς,
943 2478 978 2504 et

335 2533 428 2567 saepe
450 2527 598 2561 πολιτικὴ
620 2524 737 2567 τέχνη,
756 2522 814 2557 vel
840 2520 978 2569 δύναμις

1048 659 1083 685 et
1105 652 1259 698 ἐπιςῆμη.
1286 652 1370 687 Haec
1390 661 1442 687 est
1465 653 1580 687 virtus
1607 666 1688 701 quae

1045 705 1192 751 proprie
1212 706 1381 740 convenit
1403 706 1688 753 magistratibus,

1045 766 1151 804 atque
1174 771 1256 792 cum
1282 759 1426 805 ingenio
1443 760 1610 807 jungitur
1633 761 1688 795 in-

1045 810 1204 846 terdum.
1223 813 1265 847 C.
1278 821 1313 846 et
1324 814 1368 847 A.

1092 864 1126 898 5.
1154 869 1240 898 Ante
1252 867 1338 911 pilos
1359 866 1486 912 venit.]
1511 866 1687 902 Alcibiadi

1044 916 1172 962 viginti
1196 925 1336 951 tantum
1357 919 1442 952 anni
1463 928 1585 962 erant,
1603 921 1687 954 cum

1042 980 1118 1002 rem
1135 969 1263 1015 populi
1281 978 1429 1004 tractare
1449 972 1574 1018 coepit‚
1590 972 1687 1006 Nero

1042 1021 1206 1056 nondum
1227 1024 1386 1070 attigerat
1406 1023 1586 1060 decimum
1607 1038 1687 1073 sep-

1046 1075 1175 1108 timum
1191 1088 1199 1108 :
1220 1078 1346 1110 merito
1367 1077 1479 1123 igitur
1496 1081 1602 1124 poem
1617 1077 1686 1113 du-

1044 1127 1134 1161 bitat
1144 1153 1154 1170 ,
1170 1140 1213 1161 an
1229 1130 1391 1172 ingenium
1409 1137 1444 1163 et
1454 1131 1629 1173 prudentia
1639 1130 1687 1165 ad

1045 1185 1186 1211 tantum
1211 1191 1341 1212 munus
1364 1179 1615 1214 sustinendum
1635 1181 1687 1215 eis

1041 1238 1123 1264 ante
1137 1230 1229 1276 pilos
1248 1231 1424 1265 venerint.
1434 1232 1475 1264 A.
1485 1234 1687 1266 —Dicenda

1041 1285 1243 1326 tacendaque
1253 1286 1358 1317 calles.
1370 1284 1426 1318 Ab
1438 1296 1513 1318 uno
1525 1283 1685 1331 pruden-

1041 1335 1100 1369 tiae
1124 1336 1310 1378 membro,
1330 1344 1365 1370 et
1389 1336 1536 1383 quidem
1559 1338 1686 1385 praeci-

1040 1400 1137 1434 puo,
1158 1396 1267 1422 totam
1294 1388 1470 1436 designat.
1498 1390 1564 1424 Est
1588 1391 1686 1425 enim

1039 1440 1240 1487 prudentiae
1254 1442 1396 1476 habitus
1410 1455 1475 1490 per
1491 1455 1599 1490 quem
1614 1445 1686 1478 uti-

1038 1493 1084 1526 lia
1102 1493 1263 1539 eligimus
1275 1519 1286 1536 ‚
1305 1493 1471 1529 damnosa
1487 1496 1681 1543 rejicimus.

1039 1546 1137 1589 Quid
1158 1556 1275 1582 autem
1298 1549 1443 1591 utilius,
1463 1553 1571 1596 quam
1591 1562 1683 1584 non-

1039 1600 1138 1634 nulla
1151 1608 1186 1634 et
1198 1609 1279 1647 apte
1291 1610 1327 1635 et
1340 1611 1545 1648 opportune
1559 1603 1682 1649 loqui,

1035 1652 1210 1686 nonnulla
1235 1660 1375 1696 autem,
1401 1654 1532 1700 quibus
1553 1667 1680 1689 arcano

1036 1716 1129 1750 opus
1141 1705 1186 1738 sit
1198 1729 1208 1745 ‚
1223 1712 1337 1739 tacere
1347 1730 1359 1746 ‚
1377 1713 1412 1739 et
1432 1706 1524 1740 intra
1543 1719 1580 1740 se
1597 1708 1682 1741 reti-

1037 1767 1142 1797 nere,
1166 1754 1280 1790 donec
1307 1764 1454 1791 eventus
1479 1757 1680 1804 incoeptum

1036 1807 1192 1854 probet?
1206 1808 1246 1842 C.
1259 1816 1295 1842 et
1307 1810 1351 1843 A.

1082 1863 1118 1895 6.
1135 1864 1218 1907 Ergo
1234 1863 1289 1894 ubi
1302 1863 1586 1906 commotafervet,
1605 1867 1681 1914 eta]

1034 1913 1215 1956 Quoniam
1228 1922 1269 1948 tu
1283 1915 1350 1948 tibi
1363 1923 1505 1949 tantum
1516 1929 1657 1964 arrogas
1666 1943 1677 1959 ,

1034 1967 1237 2013 periculum
1249 1969 1419 2003 faciamus
1431 1977 1501 2003 tue
1511 1970 1677 2005 solertiaess

1034 2020 1197 2063 Scilicet,
1212 2021 1250 2054 in
1273 2020 1393 2055 medio
1413 2022 1608 2068 plebeculas
1623 2030 1679 2057 tu-

1033 2071 1244 2105 multuantis
1253 2072 1334 2110 etin
1341 2071 1552 2107 seditionem
1558 2085 1678 2114 versae,

1032 2136 1115 2157 cum
1137 2126 1315 2171 majestate
1333 2134 1417 2167 tua,
1436 2129 1508 2173 qua
1526 2134 1562 2161 te
1584 2139 1677 2173 prae·

1029 2175 1150 2210 ditum
1162 2179 1289 2224 jactas,
1303 2178 1562 2225 progredieris,
1579 2187 1614 2213 et
1631 2180 1678 2212 si-

1031 2229 1185 2264 lentium
1214 2231 1430 2277 imperabis,
1454 2232 1540 2265 huic
1567 2232 1675 2278 plane

1033 2282 1179 2323 similis,
1206 2282 1252 2317 de
1279 2296 1352 2330 quo
1372 2283 1500 2330 Virgil.
1522 2283 1672 2319 Aeneid.

1029 2335 1092 2369 lib.
1109 2336 1146 2376 Ι,
1167 2350 1204 2370 v.
1224 2337 1310 2376 148:

1029 2389 1075 2417 Ac
1089 2387 1184 2416 veluti
1196 2397 1306 2427 magno
1326 2388 1359 2417 in
1378 2387 1494 2428 populo
1510 2387 1580 2419 cum
1595 2399 1674 2430 saepe

1112 2441 1217 2463 coorta
1231 2440 1277 2463 est

1030 2480 1146 2511 Seditio
1157 2503 1167 2516 ‚
1181 2481 1325 2522 saevitque
1340 2481 1447 2513 animis
1459 2482 1593 2524 ignobile
1605 2483 1672 2514 vul-

1112 2537 1188 2570 gns:

382 2627 424 2656 V.
450 2627 481 2657 6.
507 2625 602 2669 Ergo
628 2626 686 2657 ubi
709 2634 867 2658 commota
883 2626 1012 2669 fimet,
1034 2635 1093 2660 etc.
1122 2630 1173 2660 Ita
1199 2629 1294 2662 codd.
1322 2630 1429 2663 nostri
1454 2639 1488 2663 et
1511 2632 1602 2664 editt.
1625 2634 1672 2664 Le

337 2678 486 2710 Monnier
497 2680 603 2720 solus,
618 2691 693 2723 crgo
705 2681 777 2713 ciam
792 2688 880 2712 mota
885 2680 1002 2723 fervet.
1021 2682 1112 2716 Cur?
1129 2683 1251 2715 neseio.
