1846 3184
303 308 390 362 284
569 311 614 353 C.
646 310 916 355 LUCILII
951 313 1381 359 FRAGMENTA

822 447 1128 461 mmmmm

431 553 527 598 EX
564 553 792 599 LIBRO
828 556 1016 602 XXVI
1055 558 1506 604 SATIRARUM.

959 674 990 709 Ι.

346 735 534 772 Homines
552 735 627 785 ipsi
645 735 744 773 hanc
762 736 837 774 sibi
856 738 1073 776 molestiam
1090 739 1195 778 ultro
1214 749 1331 792 atque
1350 754 1564 781 aerumnam
1584 745 1647 782 of-

294 800 452 846 ferunt3
474 799 625 837 ducunt
643 813 785 839 uxores
797 829 807 847 ‚
827 802 1052 853 producunt
1070 805 1214 855 quibus
1229 805 1311 844 haec
1329 807 1471 846 faciant
1487 807 1648 849 liberos.

938 869 956 904 I
969 869 1002 904 Ι.
1343 905 1346 910 1

343 930 396 965 At
419 928 524 966 enim
541 928 638 966 dicis
659 929 900 969 clandestino
925 931 998 969 tibi
1015 932 1125 983 quod
1149 929 1403 973 commissum
1422 936 1522 974 foret
1537 965 1547 984 ,
1567 936 1646 976 n'eu

290 993 452 1031 mutires
468 994 687 1046 quidquam
697 1023 707 1041 ‚
723 1008 802 1034 neu
820 996 1003 1046 mysteria
1018 996 1175 1035 efferres
1188 998 1306 1036 foras.

911 1063 930 1099 I
944 1064 962 1098 I
975 1063 1009 1098 1.

341 1124 447 1162 Ferri
462 1132 614 1162 tantum
625 1154 635 1171 ‚
653 1125 682 1162 si
699 1133 809 1177 roget
823 1139 884 1163 me
894 1154 904 1172 ‚
922 1139 1002 1164 non
1017 1126 1107 1165 dem
1124 1136 1315 1178 quantum
1327 1128 1412 1165 auri
1426 1129 1523 1180 petit
1532 1143 1543 1177 ;
1560 1130 1591 1168 si
1607 1143 1646 1168 se

291 1189 399 1240 cupit
410 1217 421 1234 ‚
438 1197 477 1226 et
493 1190 524 1227 si
540 1204 700 1241 quoque
716 1204 738 1228 a
757 1181 819 1228 nie
830 1219 841 1237 ‚
861 1205 949 1242 quae
964 1200 1073 1243 roget
1085 1221 1095 1239 ‚
1113 1205 1194 1230 non
1212 1193 1406 1244 impetret.

920 1259 939 1293 1
951 1259 998 1295 v.
1382 1308 1386 1312 ι

339 1320 393 1355 At
407 1319 630 1358 Libet-tinus
647 1321 843 1359 Tricorius
863 1323 983 1372 Syrus
1001 1321 1084 1372 ipse
1102 1321 1151 1359 ad
1169 1322 1364 1374 mastigias
1377 1351 1387 1369 ‚

341 1383 513 1430 Quicum
530 1385 743 1436 versipellis
758 1386 810 1425 fio
824 1415 835 1434 ,
853 1395 892 1423 et
908 1386 1071 1439 quicum
1087 1395 1289 1425 commuto
1305 1387 1448 1426 omnia.

938 1454 986 1488 V.

341 1514 570 1564 Squallitate
585 1543 596 1561 ‚
617 1515 770 1552 summa
785 1515 912 1553 scabie
922 1543 933 1561 ‚
953 1522 1106 1553 summa
1121 1517 1162 1553 in
1178 1530 1348 1554 aerumna
1368 1518 1547 1555 obrutam
1562 1546 1574 1564 ‚

338 1581 476 1630 Neque
493 1579 660 1617 inimicis
679 1579 1080 1637 invidiosam‚'neflue
1100 1580 1225 1618 amico
1245 1581 1519 1633 exoptabilem.

918 1647 953 1683 V
966 1647 997 1682 Ι.
1383 1651 1385 1655 “

338 1709 576 1747 Publicanus
597 1722 690 1748 vero
717 1717 763 1748 ut
786 1710 888 1748 Asiae
915 1710 1006 1748 fiam
1034 1710 1303 1762 scripturarius
1322 1723 1395 1761 pro

338 1774 490 1812 Lucilio
502 1803 513 1821 ‚
533 1774 574 1812 id
594 1788 667 1826 ego
683 1775 800 1822 nolo;
823 1783 863 1813 et
878 1788 960 1813 uno
979 1775 1055 1813 hoc
1073 1788 1154 1826 non
1172 1774 1445 1813 muto.omnia.

903 1837 939 1879 V
948 1843 967 1877 I
979 1843 1010 1878 Ι.

335 1905 389 1940 Ut
406 1904 578 1955 populus
595 1906 798 1943 Romanus
812 1905 938 1942 victus
952 1905 991 1942 vi
1002 1934 1013 1951 ,
1031 1912 1071 1943 et
1088 1912 1293 1956 superatus
1310 1896 1454 1956 praeIiis

336 1969 447 2019 Saepe
469 1976 527 2005 est
545 1968 681 2005 multis
692 1998 703 2016 ,
723 1969 830 2007 bello
846 1983 938 2008 vero
955 1982 1159 2021 nunquam
1172 1998 1183 2016 ‚
1201 1970 1242 2007 in
1260 1983 1340 2021 quo
1357 1977 1448 2007 sunt
1463 1969 1606 2008 omnia.

870 2083 873 2086 .
885 2038 921 2071 v
931 2037 949 2071 1
962 2037 980 2072 1
992 2037 1023 2073 1.
1428 2031 1434 2046 “·

334 2098 636 2149 Depeculassere
651 2098 783 2150 aliqua
802 2112 960 2150 sperans
981 2114 1045 2138 me
1065 2114 1110 2138 ac
1130 2101 1451 2152 deargentassere.

336 2164 626 2202 Decalanticare
644 2164 817 2202 eburneo
840 2164 1002 2214 speculo
1021 2165 1326 2215 depeculassere.

332 2301 362 2320 1.
376 2289 528 2321 Nonius:
541 2289 736 2326 producere,
750 2289 930 2320 instituere.
983 2299 1075 2319 nunc
1093 2288 1278 2320 tabellarios
1300 2289 1442 2320 dicimus
1454 2312 1463 2328 ‚
1484 2288 1552 2319 ‹lici
1571 2299 1638 2320 vo-

329 2354 361 2375 2.
378 2344 465 2375 Non.
481 2342 685 2374 clandestino
694 2365 705 2379 ,
725 2342 928 2374 abscondite.
984 2342 1059 2373 lunt
1068 2349 1206 2390 veteres,
1217 2343 1308 2384 quod
1321 2342 1493 2384 scripturis
1503 2348 1536 2372 et
1546 2353 1637 2373 com-

327 2395 360 2428 3.
379 2397 530 2429 Nonius:
547 2397 693 2440 Rogare,
712 2407 860 2438 poscere.
985 2396 1153 2445 mental-iis
1183 2396 1295 2441 omnia
1319 2395 1371 2426 vel
1402 2395 1538 2426 urhium
1552 2419 1561 2435 ‚
1581 2396 1635 2427 vel

326 2458 358 2488 4.
385 2446 535 2483 Nonius:
555 2451 739 2492 Versipelles
753 2450 834 2481 dicti
848 2457 932 2495 'sunt
983 2449 1231 2492 provinciarum
1247 2449 1529 2491 complectuntur.

277 2505 429 2546 quolibet
441 2515 559 2551 genere
573 2515 606 2535 se
619 2511 870 2536 commutantes.
1031 2514 1047 2543 7
1055 2527 1063 2535 .
1073 2503 1222 2535 Nonius:
1238 2503 1362 2534 Bellum
1370 2502 1557 2544 etproelium
1566 2501 1633 2534 hoc

326 2558 357 2589 5.
368 2556 516 2589 Nonius:
531 2559 712 2595 Summum,
725 2564 925 2590 extremum.
981 2553 1159 2588 differn'nt:
1173 2556 1265 2598 quod
1279 2555 1402 2598 praelafa
1426 2562 1535 2598 partes
1547 2562 1635 2605 *sunt

275 2609 364 2639 Idem
376 2622 382 2640 ε
398 2610 590 2653 Invidiosusn
599 2634 611 2648 ,
631 2610 724 2653 quod
737 2611 780 2642 sit
793 2610 928 2642 vitabile
979 2611 1073 2651 belli,
1086 2611 1151 2647 hoc
1161 2617 1218 2649 est,
1227 2610 1263 2641 in
1274 2609 1363 2641 bello
1377 2609 1633 2653 congressiones.

275 2661 317 2692 ad
333 2662 524 2696 videndum.
1029 2665 1061 2696 8.
1096 2664 1225 2696 Nonius
1245 2675 1253 2694 :
1282 2663 1528 2704 Depeculassem
1548 2685 1560 2701 ,
1593 2672 1631 2693 ac

310 2713 357 2746 ⁴6.
385 2716 539 2750 Nonius:
563 2717 816 2762 Scnpmrarios,
840 2728 926 2762 qnos
979 2717 1261 2766 deargentasserQ
1278 2724 1312 2750 et
1329 2715 1577 2749 decalaneicare.
