1846 3184
509 487 885 548 SATIRAE
940 486 1276 544 PRIMAE

591 626 1199 674 ARGUMENTUM.

300 783 443 808 ritus
465 783 590 804 ῘιΙῩΙΙ
613 781 772 803 cAnrxr
794 779 944 808 VATIS,
967 779 1239 807 ΙΟῙ-Ῑ-ΕΙΩΠΙ
1263 779 1483 800 unionum.

284 855 333 903 In
353 863 564 903 ridiculum
582 862 835 914 ineptumque
858 859 1048 898 scribendi
1070 868 1110 897 et
1132 859 1316 897 recitandi
1337 860 1560 905 cacoethes,

228 948 279 974 ac
293 948 393 986 pene
406 934 552 972 rabiem
566 933 814 970 immutatum
830 931 956 969 fuerat
972 943 1200 981 generosum
1214 930 1315 968 illud
1329 930 1561 981 eloquentiae

234 1007 473 1057 poeseosque
507 1002 677 1040 studium
689 1031 701 1048 ,
729 1001 838 1053 quod
864 1002 946 1052 jam
975 1009 1085 1038 ante·
1099 1028 1111 1045 ‚
1138 1000 1366 1038 felicissimis
1394 1000 1562 1051 Augusti

234 1074 494 1125 temporibus,
507 1075 640 1110 Romae
655 1071 847 1109 floruerat.
862 1072 1006 1108 Omnes
1020 1070 1183 1108 invicem
1197 1077 1366 1107 oratores
1383 1070 1424 1106 in
1440 1069 1564 1106 causis

235 1143 475 1188 forensibus,
498 1141 674 1193 neglecto
699 1154 790 1178 vero
821 1148 861 1178 et
895 1139 1079 1186 honesto,
1103 1153 1239 1177 vanam
1268 1139 1563 1177 ostentationem

234 1213 498 1251 affectabant:
529 1211 641 1256 inde,
669 1210 836 1262 plurima
864 1209 932 1247 illa
961 1209 1146 1247 antitheta
1162 1237 1174 1255 ‚
1201 1222 1289 1260 quae
1316 1222 1407 1246 rasa
1434 1217 1567 1246 noster

237 1291 369 1329 νοσεῖς
386 1281 502 1327 inde,
520 1281 650 1319 crudae
673 1281 751 1318 illae
773 1287 813 1318 et
838 1280 919 1317 sine
939 1288 1020 1317 arte
1039 1279 1298 1317 redundantes
1321 1280 1475 1330 signu-:u
1496 1279 1567 1316 de-

233 1353 332 1392 bilia
346 1353 413 1390 ina
431 1359 471 1390 et
486 1359 643 1389 exsucta
662 1358 864 1402 troporum
881 1350 1084 1400 figmenta;
1103 1349 1193 1386 inde
1206 1377 1218 1395 ‚
1238 1349 1412 1387 obsoleta
1426 1349 1540 1386 verba
1552 1377 1565 1395 ‚

237 1423 431 1472 anspullas
450 1429 491 1458 et
509 1422 791 1470 sesqug'pedalia
813 1420 956 1465 verba,
980 1431 1068 1470 qnae
1087 1419 1320 1457 Ciceronum
1339 1426 1379 1456 et
1394 1419 1565 1456 Horten-

238 1492 385 1530 siorum
403 1499 443 1529 et
460 1492 651 1528 Caesarum
670 1489 1026 1528 excellentissimam
1045 1497 1167 1526 artem
1190 1489 1354 1540 turpiter
1372 1488 1567 1527 deforma-

229 1569 381 1600 verant.
398 1563 479 1599 Nec
495 1560 623 1598 minor
643 1560 686 1598 in
698 1559 906 1611 Virgiliana
929 1567 968 1596 et
990 1559 1195 1596 Horatiana
1220 1558 1353 1609 lingua
1373 1558 1566 1595 tumultus

236 1640 278 1670 et
292 1631 480 1670 confusio.
494 1622 725 1668 Divinorum
742 1629 927 1667 horumce
942 1637 1073 1666 vatum
1088 1628 1402 1679 grandiloquium
1413 1656 1425 1674 ,
1441 1627 1568 1666 dulcis

239 1710 281 1740 et
312 1700 551 1754 perjucunda
590 1700 758 1739 melodia
773 1729 785 1747 ‚
806 1700 857 1737 ad
884 1700 1015 1737 vivum
1047 1699 1183 1736 effictae
1216 1698 1401 1750 imagines
1414 1727 1426 1744 ,
1448 1706 1567 1748 atquc

239 1780 417 1811 naturam
441 1769 665 1809 aemulantes
685 1770 868 1821 picturae,
890 1769 1193 1821 comparationes
1218 1769 1356 1820 justae,
1378 1768 1568 1819 sapientes

240 1850 282 1880 et
306 1850 420 1880 reem
449 1841 644 1879 sententiae
666 1869 678 1887 ‚
705 1840 830 1878 nervis
855 1840 1014 1877 demum
1034 1867 1047 1884 ,
1078 1847 1175 1877 aestu
1189 1867 1201 1885 ,
1226 1837 1344 1876 simul
1374 1851 1420 1875 ac
1449 1851 1567 1876 succo

242 1910 369 1963 pleni,
383 1919 423 1948 et
435 1910 545 1961 qnasi
560 1909 745 1948 divinitus
753 1909 873 1947 afflati
883 1909 1036 1947 numeri
1046 1937 1058 1955 ,
1076 1909 1119 1947 in
1128 1921 1265 1946 vanam
1279 1908 1387 1947 brevi
1396 1908 1569 1946 abierant

244 1980 493 2019 subtilitatem
507 2008 519 2026 ‚
543 1979 586 2016 in
615 1979 756 2025 rudes,
782 1978 955 2017 insolitas
970 2006 982 2025 ‚
1009 1987 1049 2016 et
1081 1978 1274 2016 obsoletas
1302 1978 1458 2016 dicendi
1483 1978 1568 2015 for—

242 2063 347 2096 mas,
370 2051 413 2088 in
439 2050 711 2101 descriptiones
737 2058 805 2087 aut
827 2049 1047 2088 ambitiosas
1070 2049 1260 2095 nimium,
1289 2056 1359 2086 aut
1382 2047 1566 2093 inutiles,

242 2128 311 2158 aut
327 2133 351 2157 a
365 2119 523 2157 veritate
542 2132 699 2171 prorsus
715 2119 878 2166 alienas,
895 2120 937 2157 in
958 2120 1124 2171 argutias
1141 2119 1273 2156 futiles
1283 2146 1296 2164 ,
1312 2118 1458 2156 viribus
1474 2118 1569 2154 item

242 2202 289 2228 ac
306 2202 421 2228 sensu
434 2189 548 2242 plane
563 2198 757 2237 mentes,
774 2190 814 2228 in
830 2189 968 2228 molles
981 2202 1113 2228 versus
1130 2198 1170 2227 et
1185 2189 1426 2227 effeminatos
1437 2216 1448 2232 ‚
1468 2199 1569 2237 quos

242 2262 447 2309 sartagine&
463 2261 650 2310 ingramm
670 2262 866 2298 stridorem
889 2260 1018 2311 lepide
1041 2260 1136 2298 dicit
1152 2260 1314 2298 Persius.
1334 2257 1452 2305 Quod
1471 2257 1502 2294 si
1519 2256 1570 2294 ad

242 2329 430 2368 recitandi
445 2330 607 2368 modum
622 2331 811 2368 transieris
822 2360 834 2377 ,
852 2331 1028 2369 eamdem
1045 2339 1085 2368 et
1100 2330 1384 2369 affectationem
1406 2328 1447 2364 in
1466 2326 1570 2364 reci-

244 2407 349 2437 tante
374 2402 509 2451 poeta,
535 2400 716 2438 eumdem
747 2408 892 2438 naturae
920 2408 1187 2450 contemptum
1213 2398 1391 2446 reperies.
1418 2395 1569 2447 Digitus

246 2467 399 2505 annulis
416 2477 569 2506 ornatos
581 2469 730 2506 videbis
740 2497 751 2515 ‚
770 2470 894 2520 capita
909 2469 1016 2506 cin-is
1034 2476 1165 2505 ornata
1182 2474 1221 2504 et
1237 2455 1441 2511 cincinnis,
1457 2476 1570 2503 aures

247 2537 408 2585 gemmis
424 2537 640 2582 distinctas,
658 2537 788 2574 fauces
806 2537 943 2574 vellere
965 2549 1032 2573 seu
1051 2535 1135 2572 lanii
1153 2534 1406 2572 circumdatas
1418 2562 1431 2581 ‚
1448 2543 1570 2585 penos

250 2603 430 2653 capillos,
450 2614 557 2657 togas
578 2614 748 2644 recentes
771 2614 810 2643 et
835 2605 1074 2656 splendidaS,
1098 2604 1148 2641 ad
1172 2603 1411 2641 recitandum
1436 2603 1569 2641 sedem

253 2671 391 2709 celsam
402 2700 414 2718 ,
436 2673 594 2712 libidine
618 2682 656 2712 et
674 2673 852 2712 insolenti
874 2673 1025 2711 luxuria
1044 2672 1293 2711 scintillantes
1308 2673 1442 2712 oculos
1454 2700 1466 2719 ‚
1483 2685 1569 2724 gra·
