1846 3184
254 269 341 311 226
588 267 615 285 Ξ*
651 270 699 312 C.
741 270 1003 313 LUCILII
1045 271 1223 316 VITA.

250 360 347 390 nota
372 350 761 409 deceptosdibrarios
786 367 861 405 pro
885 357 1024 393 XXIII
1046 356 1160 394 nobis
1184 359 1315 396 XLIII
1337 358 1616 400 succidaneum
1652 365 1655 368 ’

250 417 400 456 secisse.
421 417 654 460 Nominatur
673 427 712 457 et
731 421 925 458 comaedia
947 422 1088 458 Lucilii
1107 422 1214 473 apud
1233 431 1404 461 veterem
1425 424 1617 477 interpre-

250 491 330 521 tem
357 483 528 530 Horatii,
550 492 589 521 et
611 486 782 521 Lucilius
809 487 975 523 comicus
1004 487 1111 537 apud
1136 487 1387 539 Fulgentium
1411 489 1461 527 de
1486 491 1616 541 prisco

248 562 429 587 sermone
445 578 456 596 ,
482 562 604 600 quem
633 562 715 587 non
743 562 826 586 esse
860 551 1045 589 eumdem
1076 565 1169 590 cum
1199 562 1334 590 nostro
1368 559 1484 605 poeta
1513 570 1615 607 pene

247 623 430 666 praestare
449 614 598 659 ausim;
617 613 739 664 idque
759 627 806 651 eo
826 615 949 666 magis
966 616 1078 667 quod
1098 617 1139 654 in
1155 619 1276 655 veteri
1296 618 1398 656 libro
1419 620 1616 672 Fulgentii

247 682 419 718 Lucretii
439 680 580 716 comici
599 692 745 717 nomen
765 680 951 718 exstabat.
973 680 1172 720 Illustriss.
1191 692 1322 722 autem
1344 685 1516 736 Scaliger
1539 689 1617 724 Ru·-

246 747 369 782 tilium
382 743 657 796 reponendum
670 744 834 795 putabat
849 774 859 792 ,
878 759 1000 797 ,quem
1016 747 1108 784 citat
1120 747 1225 786 idem
1237 748 1462 787 Planciades
1473 781 1484 797 ,
1504 759 1542 788 et
1557 760 1630 789 est.

244 811 314 848 ille
326 840 337 857 ,
357 810 470 858 cujus
489 809 751 847 meminerunt
769 810 904 848 Cicero
923 813 942 848 Ι
961 811 1011 849 de
1029 812 1155 850 Finib.
1177 813 1279 851 libro
1295 828 1303 851 :
1325 815 1420 852 item
1439 815 1615 854 Velleius

244 875 485 914 Paterculus.
506 876 588 926 Ego
607 883 676 912 aut
693 876 899 921 Luscium,
919 883 988 913 aut
1009 878 1199 913 Licirtium
1211 906 1224 923 ,
1243 886 1312 915 aut
1332 880 1451 917 etiam
1477 882 1615 930 Turpi-

245 943 340 978 lium
370 941 584 993 utrobique
616 940 937 978 substituendum
974 942 1160 992 putabam
1183 971 1193 989 ,
1229 950 1399 994 quorum
1434 947 1614 984 omnium

244 1006 546 1052 comoediarum,
560 1015 703 1058 praeter
714 1005 824 1052 alios,
836 1006 1039 1045 Volcatius
1050 1007 1247 1059 Sedigitus
1258 1008 1366 1059 apud
1377 1011 1424 1046 A.
1439 1010 1613 1049 Gellium

243 1072 425 1115 meminit
436 1102 447 1119 ,
466 1080 505 1110 et
519 1072 697 1110 vicinitas
711 1072 930 1110 litterarum
948 1071 1061 1110 facile
1080 1072 1310 1123 imposuerit
1321 1102 1331 1119 ,
1349 1087 1430 1112 non
1446 1075 1535 1112 satis
1555 1084 1615 1113 at·-

244 1146 353 1176 tento
376 1137 549 1176 librario.
570 1141 661 1176 Uno
682 1137 777 1176 item
788 1137 907 1187 joco,
924 1137 1031 1189 apud
1047 1138 1240 1184 Nonium,
1260 1140 1432 1176 Lucilius
1449 1140 1614 1177 Serrano

244 1203 409 1248 citatur,
432 1216 513 1253 quo
535 1203 696 1241 nomine
715 1204 838 1240 Varro
864 1202 1021 1239 satiram
1043 1202 1305 1253 Menippaeam
1325 1203 1550 1254 scripserat,
1570 1211 1614 1241 ut

243 1267 386 1318 probat
401 1267 508 1305 idem
525 1268 800 1319 grammaticus
810 1294 821 1314 ,
840 1267 1002 1305 diversis
1019 1268 1250 1306 testimoniis
1265 1281 1311 1306 ex
1325 1281 1371 1306 eo
1385 1267 1610 1319 productis;

244 1333 352 1370 unde
380 1334 600 1384 suspicatus
626 1333 685 1371 fui
711 1347 866 1385 semper
890 1333 960 1371 has
978 1347 1092 1371 voces
1116 1347 1320 1385 perperam
1342 1334 1541 1384 scriptoris
1561 1333 1613 1371 li-

243 1397 365 1436 brarii
396 1399 600 1436 oscitantia
637 1399 852 1445 coaluisse,
883 1412 927 1436 ac
964 1398 1174 1436 desiderari
1209 1399 1359 1437 ibidem
1389 1398 1614 1450 exemplum

243 1463 416 1510 Lucilii,
445 1472 484 1501 et
511 1477 657 1502 nomen
676 1465 862 1502 Varronis
882 1492 892 1510 ,
923 1472 962 1501 et
991 1464 1154 1514 quide'm
1181 1464 1222 1501 id
1250 1477 1375 1515 genus
1402 1477 1552 1502 errores
1574 1465 1616 1501 in

245 1528 376 1566 Nonio
404 1541 426 1566 a
456 1529 744 1580 negligentibus
773 1527 972 1575 librariis,
1000 1528 1098 1565 locis
1129 1541 1252 1579 prope
1286 1529 1446 1566 infinitis
1465 1558 1475 1576 ‚
1501 1542 1615 1567 com-

244 1594 405 1640 missos,
425 1601 464 1632 et
476 1593 542 1631 alii
554 1593 930 1639 animadverterunt,
944 1601 982 1631 et
998 1606 1070 1631 nos
1084 1594 1166 1645 jam
1180 1606 1280 1644 saepe
1294 1593 1585 1631 observavimus
1602 1607 1612 1629 ε

246 1659 407 1710 qualem
425 1659 544 1697 etiam
563 1658 679 1696 illum
700 1666 800 1710 puto
811 1687 821 1704 ‚
840 1658 1170 1710 quandocumque
1190 1660 1361 1695 Lucilius
1376 1648 1542 1708 Hymm's
1559 1659 1617 1695 ci-

245 1732 373 1770 tatur3
394 1738 485 1762 nam
507 1723 748 1775 Hymnidem
770 1723 943 1761 fabulam
967 1737 1015 1761 ex
1036 1723 1251 1761 Menandro
1277 1723 1453 1761 Latinam
1474 1722 1618 1760 fecerat

247 1789 430 1827 Caecilius
442 1818 453 1835 ,
473 1803 522 1827 ex
547 1803 626 1840 qua
646 1789 868 1828 testimonia
895 1788 1105 1840 aliquoties
1127 1788 1366 1826 advocantur
1385 1801 1407 1826 a
1426 1787 1555 1826 Nonio
1577 1795 1619 1825 et

247 1856 363 1891 Festo
379 1882 389 1899 ‚
410 1854 667 1905 ejusdemque
692 1854 871 1892 meminit
895 1854 1043 1891 Cicero.
1070 1853 1147 1892 Sed
1173 1854 1386 1891 hactenus:
1406 1846 1480 1891 nec
1503 1851 1617 1904 plura

249 1918 353 1956 addo
373 1918 422 1956 de
442 1919 552 1969 ipso;
574 1927 728 1957 transeo
746 1919 795 1957 ad
816 1910 1014 1970 rffliquias.

779 2057 1088 2070 mmmmm

305 2160 424 2209 Quod
447 2167 595 2212 spectat
618 2158 668 2196 ad
693 2158 913 2196 testimonia
931 2166 1107 2196 veterum
1133 2158 1183 2196 de
1207 2158 1380 2204 Lucilio,
1400 2158 1521 2204 nihil,
1542 2159 1618 2196 hoc

249 2228 361 2273 loco,
377 2226 493 2264 nobis
510 2224 724 2263 dicendum
739 2224 906 2261 arbitror
921 2237 929 2259 :
949 2236 993 2260 ea
1010 2223 1115 2260 enim
1132 2231 1224 2260 sunt
1239 2223 1455 2260 innumera.
1472 2224 1620 2260 Omnes

250 2294 468 2344 scriptores*
486 2290 615 2353 Latini
643 2290 840 2327 Lucilium
870 2288 1234 2338 satirographorum
1259 2287 1478 2338 principem
1504 2287 1621 2324 nobis

251 2364 548 2412 proposuerunt
558 2354 787 2407 legendum.
801 2355 859 2391 De
872 2366 919 2391 eo
931 2352 1019 2390 vide
1033 2351 1225 2402 imprimis
1238 2352 1486 2397 Ciceronem,
1502 2351 1572 2388 lib.
1587 2354 1619 2397 I,

252 2426 303 2463 (le
317 2426 483 2462 Oratore
494 2451 504 2469 ,
524 2421 593 2459 lib.
607 2423 645 2458 II
657 2450 668 2468 ,
686 2419 854 2466 ibidem,
870 2418 1056 2456 Academ.
1071 2420 1216 2464 Quaest.
1234 2416 1304 2454 lib.
1320 2419 1376 2464 113
1391 2416 1598 2454 Horatium
1609 2444 1620 2463 ‚

252 2492 323 2529 lib.
349 2492 368 2527 Ι
399 2491 521 2528 Serm.
547 2477 616 2526 sat.
650 2492 697 2534 4,
727 2494 796 2524 sat.
830 2499 876 2522 10
897 2514 908 2531 ,
934 2484 1004 2522 lib.
1030 2486 1070 2521 II
1093 2485 1216 2521 Serm.
1245 2491 1315 2520 sat.
1346 2496 1393 2528 13
1419 2483 1592 2520 Persium
1608 2510 1620 2529 ,

255 2552 313 2594 sat
337 2570 352 2593 1
372 2570 383 2603 ;
404 2553 717 2602 Quintilianum,
740 2551 810 2589 lib.
830 2552 892 2597 X,
913 2563 998 2602 cap.
1027 2564 1043 2587 1
1075 2549 1201 2587 Instit.
1223 2550 1331 2586 Orat.
1356 2547 1452 2585 ibid.
1479 2547 1550 2585 lib.
1577 2549 1618 2593 I,

257 2634 343 2671 cap.
369 2621 417 2667 63
442 2620 688 2664 Juvenassem,
715 2618 784 2655 lib.
808 2619 848 2663 I,
876 2624 945 2654 sat.
975 2629 1018 2663 13
1038 2614 1232 2662 Plinium,
1249 2613 1318 2652 lib.
1344 2615 1386 2661 I,
1406 2615 1494 2652 Nat.
1520 2611 1620 2650 Hist.

256 2685 498 2733 Martialem,
519 2685 705 2737 epigram.
725 2683 795 2722 lib.
817 2683 918 2730 XII,
939 2689 978 2720 et
998 2680 1107 2719 alios.
1564 2675 1566 2678 ’
