1846 3184
309 336 314 341 -
340 305 422 350 138

687 308 741 350 A.
777 307 1027 350 PERSII
1066 309 1321 354 FLACCI

393 389 522 431 Disce
539 403 549 430 :
569 388 644 431 sed
664 389 728 432 ira
749 389 872 432 cadat
895 406 1022 446 naso,
1040 406 1281 452 rugosaque
1302 407 1436 437 sanna
1449 426 1463 448 ‚

390 466 507 507 Dum
524 476 685 509 veteres
702 467 814 508 avias
835 467 919 509 tibi
940 467 996 510 de
1017 469 1224 526 pulmone
1247 471 1423 513 revello.

392 543 435 585 N
436 558 495 585 on
515 544 714 601 praetoris
736 554 827 586 erat
845 545 986 587 stultis
1005 545 1106 588 dare
1122 548 1269 590 tenuia
1288 563 1435 590 rerum

392 618 543 661 Officia
556 652 568 672 ‚
588 630 716 677 atque
733 635 862 662 usum
882 620 1042 679 rapidae
1062 623 1309 681 permittere
1326 625 1435 667 vitae.

336 759 350 773 ι
365 741 544 776 Masurius
576 748 699 775 autem
733 741 794 775 hic
828 740 982 777 Sabinus

335 812 350 825 u
367 793 641 840 legisconsultus
654 794 734 828 fuit.
744 811 758 824 ι
773 795 894 842 Eques
906 804 982 830 erat

333 849 517 881 Romanus
534 869 553 889 ‚-
575 847 714 881 Tiberii
749 849 983 895 Imperatoris

332 909 523 947 tempore,
552 899 717 935 doctrina
748 901 891 945 clarus;
917 914 983 936 cae·

333 962 455 987 terum
473 953 578 989 valde
597 967 747 1001 pauper.
771 954 888 1002 Hujus
907 969 982 990 me-

332 1007 440 1042 minit
454 1009 497 1041 A.
513 1007 606 1042 Gen.
625 1008 689 1047 lib.
706 1010 755 1052 V,
771 1021 847 1056 cap.
866 1022 906 1055 19
920 1035 930 1051 ‚
948 1019 984 1045 et

331 1061 524 1096 Athenaeus
536 1087 545 1103 ,
564 1058 629 1095 lib.
659 1062 762 1095 XIV.
773 1082 820 1088 —
831 1065 984 1096 Rubrica.

332 1113 438 1148 Idem
452 1124 525 1150 vet.
541 1115 654 1149 schol.
672 1132 686 1146 ι
697 1116 870 1150 Rubricas
882 1129 985 1151 voca·

334 1184 348 1198 e
364 1168 397 1202 ri
411 1168 567 1202 minium
581 1181 656 1215 quo
675 1169 773 1204 tituli
789 1170 909 1216 legum
925 1183 982 1204 an-

332 1238 346 1251 «
361 1222 591 1256 notabantur.
604 1239 617 1252 ι
633 1223 746 1265 Hinc,
766 1226 898 1265 rubsica
916 1236 985 1271 pro

329 1275 408 1322 lege
427 1276 503 1322 ipsa
527 1276 698 1310 sumitur.
718 1277 772 1310 De
788 1277 854 1311 hac
873 1289 982 1320 voce,

331 1329 406 1364 vid.
433 1343 514 1376 quae
538 1331 747 1366 notavimus
772 1330 817 1365 ad
843 1332 978 1367 Juven.

330 1390 392 1416 sat.
409 1382 513 1424 XIV,
533 1396 566 1418 v.
589 1395 667 1427 192.
689 1383 732 1417 P.

343 1459 348 1465 .
379 1447 438 1480 91.
466 1437 581 1468 Disce:
599 1439 658 1469 sed
679 1439 731 1469 ira
755 1439 877 1481 cadat]
896 1438 982 1472 Res-

329 1499 515 1533 ponsurus
547 1487 591 1522 ad
621 1490 847 1535 superiorem
877 1502 983 1536 argu·

329 1539 605 1584 mentationem‚
614 1543 980 1590 ῃίῐίῑυῑπροθεραπείᾳ,

330 1602 368 1628 et
397 1594 603 1630 libertatem
637 1596 883 1641 responsionis
918 1595 980 1630 de-

328 1651 620 1693 precatur.—lra
637 1650 738 1681 cadat
752 1662 845 1683 naso.
860 1643 979 1683 Theo-

329 1700 441 1734 critus
452 1725 463 1742 ‚
478 1699 582 1747 idyll.
598 1701 617 1734 I
629 1726 640 1744 ‚
658 1700 754 1736 Pana
771 1702 905 1736 iratum
920 1701 981 1736 de·

331 1754 487 1800 pingens
503 1754 551 1788 ait
565 1767 573 1787 :
752 1800 756 1803 ¹

333 1829 343 1838 .
354 1833 362 1841 .
377 1833 384 1840 .
396 1834 403 1841 .
419 1810 553 1854 Δριμεῖα
569 1807 652 1853 χιλὰ
668 1809 746 1843 ποτὶ
760 1809 818 1856 ῥινὶ
831 1809 981 1846 κάθηται.

330 1880 378 1886 --
391 1863 583 1905 Rugosaque
611 1875 727 1894 sanna.
758 1863 812 1895 De
843 1874 952 1896 sanna
971 1886 982 1904 ‚

329 1913 406 1948 vid.
428 1926 510 1960 sup.
527 1922 592 1963 sat.
607 1915 644 1955 Ι,
660 1928 696 1950 v.
714 1917 772 1961 76.
795 1915 838 1949 C.

378 1979 433 2012 9²·
445 1970 532 2000 Ditm
544 1977 670 2000 veteres
684 1971 773 2001 avias
779 1994 791 2008 ‚
803 1970 873 2016 eta]
892 1969 983 2016 Opi-

329 2021 455 2055 niones
468 2020 585 2063 falsas,
599 2034 738 2056 errores
752 2023 874 2068 quales
888 2024 982 2058 forte

330 2074 378 2108 de
395 2075 559 2109 libertate
578 2075 655 2110 avia
673 2075 817 2122 pridem
835 2084 895 2109 tua
914 2077 981 2110 tibi

329 2129 539 2163 inculcavit.
564 2132 691 2162 Veteres
715 2129 979 2164 avt'asCasaub.

330 2182 500 2229 intelligit
510 2182 721 2229 opinionem
734 2183 931 2217 nobilitatis
946 2192 982 2218 et

329 2235 567 2285 arrogantiam
577 2243 760 2271 ventosam
770 2237 872 2283 cujus
883 2237 981 2269 sedes

330 2288 369 2321 in
395 2282 585 2334 pulmone.
615 2287 687 2322 Sed
714 2300 802 2323 vana
835 2287 983 2322 videtur

329 2342 405 2376 haec
416 2342 622 2388 explicatio:
632 2354 727 2384 nam,
736 2350 982 2389 praeterquam

331 2395 431 2443 quod
454 2396 514 2430 hic
538 2396 680 2431 Persius
702 2396 875 2431 libertum
894 2396 980 2431 allo-

331 2449 482 2495 quitur,
503 2450 601 2483 nulla
631 2448 676 2484 de
707 2449 895 2484 nobilitate
917 2457 981 2483 aut

330 2503 513 2536 nobilibus
536 2504 687 2550 quaestio
713 2512 766 2538 est
783 2515 851 2550 per
869 2503 981 2538 totius

331 2555 445 2589 satirae
463 2555 663 2603 reliquum.
685 2557 728 2590 A.

378 2608 432 2651 93.
442 2610 513 2641 Non
520 2611 671 2652 proetoris
678 2611 772 2654 erac]
781 2608 891 2652 Quod
900 2621 984 2643 con-

330 2659 423 2705 fugis
451 2661 494 2694 ad
519 2662 684 2708 praetoris
708 2663 982 2704 auctoritatem,

330 2724 437 2747 erras.
454 2713 611 2759 Praetor,
632 2714 731 2763 quod
755 2727 862 2751 suum
880 2724 955 2752 erat
970 2739 983 2760 ‚

1034 743 1141 778 fecit:
1157 757 1253 779 nexu
1270 745 1333 779 illo
1348 746 1441 793 juris
1459 746 1574 782 civilis
1590 755 1624 782 te
1641 747 1685 781 li-

1034 798 1191 840 beravit‚
1202 812 1276 846 quo
1289 800 1326 833 in
1339 800 1511 835 servitute
1524 802 1686 848 corporis

1037 851 1228 885 tenebaris.
1267 851 1365 886 Illud
1400 866 1494 900 nego
1524 855 1686 900 potuisse

1035 912 1229 950 praetorem
1239 903 1382 940 efficere
1392 931 1402 947 ‚
1420 915 1463 941 ut
1477 915 1537 948 tu,
1552 908 1616 954 qui
1633 920 1687 942 sa-

1035 956 1139 1003 piens
1152 969 1227 990 non
1244 969 1298 997 es,
1313 957 1377 991 sed
1394 959 1546 1000 stultus,
1565 973 1686 994 veram

1038 1009 1247 1055 sapientiam
1260 1012 1543 1057 consequereris:
1554 1025 1593 1047 ea
1604 1026 1689 1060 por-

1038 1074 1080 1096 ro
1103 1071 1155 1096 est
1179 1063 1290 1097 animi
1312 1063 1457 1098 libertas
1484 1076 1592 1111 quam
1615 1066 1688 1100 sola

1038 1116 1268 1163 philosophia
1299 1117 1414 1163 possit
1442 1118 1620 1152 conferre.
1640 1139 1688 1146 —-

1039 1171 1158 1202 Stultis.
1179 1168 1289 1216 Apud
1307 1170 1455 1213 stoicos,
1474 1174 1564 1205 stulti
1579 1185 1687 1206 omnes

1037 1225 1117 1256 servi
1128 1249 1139 1263 ‚
1166 1231 1207 1257 ut
1226 1225 1310 1270 ‘jam
1338 1223 1497 1259 diximus
1511 1250 1522 1266 ‚
1547 1239 1583 1260 v.
1618 1226 1662 1272 73
1677 1238 1686 1259 τ

1036 1274 1124 1308 item
1138 1301 1148 1318 ‚
1166 1277 1335 1308 insaniunt
1357 1289 1465 1308 omnes
1487 1286 1609 1320 praeter
1632 1290 1687 1309 sa-

1030 1330 1183 1372 pientem.
1194 1350 1239 1355 ——
1249 1333 1339 1362 Dare
1357 1331 1468 1363 tenuia
1485 1335 1593 1363 rerum
1612 1331 1688 1377 offi-

1036 1384 1101 1415 cia.
1118 1381 1258 1416 Scelera
1276 1391 1311 1417 et
1331 1384 1465 1430 majora
1484 1382 1615 1428 flagitia
1627 1395 1688 1418 ve-

1036 1443 1114 1469 tant
1134 1435 1283 1481 quidem
1306 1436 1418 1483 leges;
1438 1437 1549 1483 offies'a
1566 1445 1689 1471 autem

1036 1501 1144 1521 rerum
1155 1514 1163 1527 ‚
1178 1489 1352 1523 servanda
1365 1489 1402 1523 in
1418 1490 1528 1524 rebus
1541 1489 1689 1536 agendis

1037 1542 1155 1576 officia
1169 1555 1244 1576 non
1259 1542 1392 1577 docent
1405 1544 1520 1590 leges,
1537 1544 1606 1577 nisi
1621 1557 1687 1577 πα-

1034 1600 1179 1642 χυμερῶς
1207 1603 1243 1629 et
1271 1593 1497 1640 ςοιχειωὸὢςε
1520 1596 1685 1630 Philoso-

1032 1648 1098 1693 phi
1111 1660 1196 1682 vero
1208 1656 1372 1682 accurate
1388 1648 1591 1695 explicant,
1605 1661 1686 1695 quae

1032 1700 1123 1734 honi
1137 1701 1207 1735 viri
1219 1701 1293 1735 sint
1306 1700 1446 1743 officia,
1459 1701 1498 1735 in
1514 1701 1614 1735 omni
1624 1713 1664 1735 re
1675 1726 1686 1743 ,

1036 1753 1143 1788 etiam
1157 1754 1330 1788 minima·
1320 1780 1332 1797 ,
1347 1762 1439 1801 puta
1451 1778 1462 1796 ‚
1475 1754 1573 1789 victu
1585 1779 1595 1795 ,
1609 1766 1688 1790 ves-

1037 1807 1130 1849 titu,
1149 1808 1291 1842 incessu
1304 1832 1315 1849 ,
1333 1807 1485 1854 aliisque
1511 1807 1687 1841 minutio·

1035 1861 1163 1895 ribus·
1182 1860 1281 1895 nulla
1303 1859 1401 1894 enim
1425 1872 1508 1907 pars
1527 1860 1687 1907 philoso

1034 1915 1130 1961 phiae
1157 1927 1236 1961 quae
1267 1914 1372 1949 latius
1402 1922 1523 1961 pateat
1536 1939 1547 1958 ‚
1578 1926 1688 1974 quam

1035 1968 1135 2002 locus
1159 1967 1205 2002 de
1231 1967 1372 2002 officiis.
1405 1967 1447 2002 C.

1084 2026 1143 2067 94.
1163 2025 1275 2065 Atque
1297 2034 1388 2054 usum
1408 2022 1535 2065 rapida.-
1546 2021 1687 2065 permit·

1036 2084 1102 2107 tere
1120 2074 1224 2120 vitm]
1251 2074 1334 2108 Non
1357 2082 1433 2108 erat
1453 2072 1616 2120 praetoris
1633 2072 1687 2106 of-

1034 2127 1158 2162 ficium
1175 2128 1241 2161 tibi
1260 2127 1427 2162 conferre
1445 2139 1608 2174 magnam
1629 2138 1686 2160 ar-

1035 2189 1109 2215 tem
1122 2180 1289 2223 vivendi,
1303 2188 1412 2227 atque
1425 2179 1566 2214 bon'um
1578 2191 1685 2214 usum

1034 2234 1116 2268 vitae
1147 2242 1220 2268 tam
1248 2234 1368 2267 brevis
1391 2249 1400 2267 ε
1429 2244 1586 2279 namque
1610 2231 1684 2266 dis-

1036 2299 1183 2321 cernere
1209 2296 1351 2321 rectum
1377 2286 1459 2321 vitae
1485 2297 1684 2332 rerumque

1035 2353 1142 2375 usum
1158 2365 1169 2382 ‚
1197 2338 1286 2386 quid
1321 2338 1536 2385 fugiendum
1552 2362 1563 2380 ‚
1592 2337 1685 2384 quid

1034 2390 1302 2439 indulgendum
1322 2391 1391 2424 sihi
1416 2398 1452 2425 et
1477 2390 1554 2424 aliis
1573 2414 1584 2431 ‚
1607 2390 1684 2423 haec

1034 2454 1087 2480 est
1103 2445 1249 2480 scientia
1263 2445 1402 2479 lubrica
1413 2470 1423 2486 ‚
1437 2442 1547 2478 ardua
1563 2451 1598 2477 et
1614 2443 1683 2476 mi-

1033 2499 1234 2540 nutissima,
1244 2510 1352 2545 quam
1365 2510 1440 2531 non
1454 2496 1515 2531 dat
1523 2495 1683 2531 vindicta

1035 2553 1198 2600 praetoris
1210 2577 1221 2593 ‚
1235 2551 1297 2586 sed
1311 2551 1490 2587 institutio
1506 2559 1606 2585 recta
1621 2563 1681 2597 ap.

1035 2606 1307 2654 philosophum.
1323 2605 1381 2639 Ex
1398 2604 1543 2639 duobus
1561 2611 1683 2638 autem

1035 2661 1104 2703 his,
1116 2660 1191 2694 scil.
1199 2671 1244 2694 ex
1251 2658 1460 2693 officiorum
1471 2657 1683 2693 tenuiorum

1037 2713 1282 2752 observatione
1293 2739 1305 2758 ,
1320 2721 1357 2750 et
1369 2725 1412 2749 ex
1423 2713 1522 2749 bono
1535 2711 1617 2750 vitae
1629 2722 1683 2746 ra·
