<?xml version="1.0" encoding="UTF-8"?>
<!DOCTYPE html PUBLIC "-//W3C//DTD XHTML 1.0 Transitional//EN"
    "http://www.w3.org/TR/xhtml1/DTD/xhtml1-transitional.dtd">
<html xmlns="http://www.w3.org/1999/xhtml" xml:lang="en" lang="en">
 <head>
  <title>
</title>
<meta http-equiv="Content-Type" content="text/html;charset=utf-8" />
  <meta name='ocr-system' content='tesseract 3.04.00' />
  <meta name='ocr-capabilities' content='ocr_page ocr_carea ocr_par ocr_line ocrx_word'/>
</head>
<body>
  <div class='ocr_page' id='page_1' title='image "./satiraeadcodice00persuoft_0309.png"; bbox 0 0 1846 3184; ppageno 0'>
   <div class='ocr_carea' id='block_1_1' title="bbox 0 0 204 319">
    <p class='ocr_par' dir='ltr' id='par_1_1' title="bbox 0 0 204 319">
     <span class='ocr_line' id='line_1_1' title="bbox 0 0 204 319; baseline 0 2865"><span class='ocrx_word' id='word_1_1' title='bbox 0 0 204 319; x_wconf 95' lang='lat' dir='ltr'> </span> 
     </span>
    </p>
   </div>
   <div class='ocr_carea' id='block_1_2' title="bbox 486 268 1510 338">
    <p class='ocr_par' dir='ltr' id='par_1_2' title="bbox 486 268 1510 338">
     <span class='ocr_line' id='line_1_2' title="bbox 486 268 1510 338; baseline -0.002 -14"><span class='ocrx_word' id='word_1_2' title='bbox 486 280 576 324; x_wconf 69' lang='lat' dir='ltr'>nx</span> <span class='ocrx_word' id='word_1_3' title='bbox 611 278 818 323; x_wconf 70' lang='lat' dir='ltr'>nmio</span> <span class='ocrx_word' id='word_1_4' title='bbox 854 278 928 322; x_wconf 79' lang='lat' dir='ltr'>xl</span> <span class='ocrx_word' id='word_1_5' title='bbox 956 268 1176 322; x_wconf 66' lang='lat' dir='ltr'>snm.</span> <span class='ocrx_word' id='word_1_6' title='bbox 1424 280 1510 338; x_wconf 77' lang='lat'>269</span> 
     </span>
    </p>
   </div>
   <div class='ocr_carea' id='block_1_3' title="bbox 220 363 1091 528">
    <p class='ocr_par' dir='ltr' id='par_1_3' title="bbox 220 363 1091 528">
     <span class='ocr_line' id='line_1_3' title="bbox 816 363 880 399; baseline 0 0"><span class='ocrx_word' id='word_1_7' title='bbox 816 363 835 399; x_wconf 89' lang='lat'>1</span> <span class='ocrx_word' id='word_1_8' title='bbox 846 363 880 399; x_wconf 92' lang='lat' dir='ltr'>I.</span> 
     </span>
     <span class='ocr_line' id='line_1_4' title="bbox 220 364 1091 475; baseline -0.002 -9"><span class='ocrx_word' id='word_1_9' title='bbox 220 425 407 475; x_wconf 80' lang='lat' dir='ltr'>Quamvis</span> <span class='ocrx_word' id='word_1_10' title='bbox 422 425 604 465; x_wconf 81' lang='lat' dir='ltr'><strong>desubito</strong></span> <span class='ocrx_word' id='word_1_11' title='bbox 624 425 734 464; x_wconf 83' lang='lat' dir='ltr'>trinis</span> <span class='ocrx_word' id='word_1_12' title='bbox 751 364 946 464; x_wconf 55' lang='lat' dir='ltr'>dgducere</span> <span class='ocrx_word' id='word_1_13' title='bbox 965 425 1091 464; x_wconf 84' lang='lat' dir='ltr'>scalis.</span> 
     </span>
     <span class='ocr_line' id='line_1_5' title="bbox 798 492 877 528; baseline 0 0"><span class='ocrx_word' id='word_1_14' title='bbox 798 493 818 528; x_wconf 90' lang='lat'>1</span> <span class='ocrx_word' id='word_1_15' title='bbox 827 492 877 528; x_wconf 85' lang='lat' dir='ltr'>V.</span> 
     </span>
    </p>
   </div>
   <div class='ocr_carea' id='block_1_4' title="bbox 219 553 1194 606">
    <p class='ocr_par' dir='ltr' id='par_1_4' title="bbox 219 553 1194 606">
     <span class='ocr_line' id='line_1_6' title="bbox 219 553 1194 606; baseline -0.002 -13"><span class='ocrx_word' id='word_1_16' title='bbox 219 553 411 593; x_wconf 74' lang='lat' dir='ltr'>Tonsillas</span> <span class='ocrx_word' id='word_1_17' title='bbox 424 567 584 606; x_wconf 88' lang='lat' dir='ltr'>quoque</span> <span class='ocrx_word' id='word_1_18' title='bbox 600 553 817 605; x_wconf 66' lang='lat' dir='ltr'>praevalidis</span> <span class='ocrx_word' id='word_1_19' title='bbox 834 554 877 592; x_wconf 92' lang='lat' dir='ltr'>in</span> <span class='ocrx_word' id='word_1_20' title='bbox 896 553 1058 592; x_wconf 84' lang='lat' dir='ltr'>funibus</span> <span class='ocrx_word' id='word_1_21' title='bbox 1075 561 1194 605; x_wconf 86' lang='lat' dir='ltr'>aptas.</span> 
     </span>
    </p>
   </div>
   <div class='ocr_carea' id='block_1_5' title="bbox 816 620 853 655">
    <p class='ocr_par' dir='ltr' id='par_1_5' title="bbox 816 620 853 655">
     <span class='ocr_line' id='line_1_7' title="bbox 816 620 853 655; baseline 0 0"><span class='ocrx_word' id='word_1_22' title='bbox 816 620 853 655; x_wconf 89' lang='lat' dir='ltr'><strong>V</strong></span> 
     </span>
    </p>
   </div>
   <div class='ocr_carea' id='block_1_6' title="bbox 220 645 1286 1149">
    <p class='ocr_par' dir='ltr' id='par_1_6' title="bbox 220 645 1198 735">
     <span class='ocr_line' id='line_1_8' title="bbox 220 645 1198 735; baseline 0 -15"><span class='ocrx_word' id='word_1_23' title='bbox 220 682 422 721; x_wconf 80' lang='lat' dir='ltr'>Fluctibus</span> <span class='ocrx_word' id='word_1_24' title='bbox 438 695 463 721; x_wconf 86' lang='lat' dir='ltr'>a</span> <span class='ocrx_word' id='word_1_25' title='bbox 478 683 682 734; x_wconf 82' lang='lat' dir='ltr'>ventisque</span> <span class='ocrx_word' id='word_1_26' title='bbox 698 645 868 720; x_wconf 67' lang='lat' dir='ltr'>adversis</span> <span class='ocrx_word' id='word_1_27' title='bbox 886 682 1198 735; x_wconf 48' lang='lat' dir='ltr'>firmitetffisent.</span> 
     </span>
    </p>

    <p class='ocr_par' dir='ltr' id='par_1_7' title="bbox 220 749 1266 912">
     <span class='ocr_line' id='line_1_9' title="bbox 220 749 1266 866; baseline -0.002 -16"><span class='ocrx_word' id='word_1_28' title='bbox 220 813 405 863; x_wconf 84' lang='lat' dir='ltr'>Languor</span> <span class='ocrx_word' id='word_1_29' title='bbox 422 820 461 850; x_wconf 88' lang='lat' dir='ltr'>et</span> <span class='ocrx_word' id='word_1_30' title='bbox 479 812 691 866; x_wconf 82' lang='lat' dir='ltr'>oppressit,</span> <span class='ocrx_word' id='word_1_31' title='bbox 709 749 1093 863; x_wconf 25' lang='lat' dir='ltr'>piget-{serpetque</span> <span class='ocrx_word' id='word_1_32' title='bbox 1112 811 1266 863; x_wconf 90' lang='lat' dir='ltr'>quietis.</span> 
     </span>
     <span class='ocr_line' id='line_1_10' title="bbox 787 878 896 912; baseline 0.009 -1"><span class='ocrx_word' id='word_1_33' title='bbox 787 878 823 911; x_wconf 90' lang='lat' dir='ltr'><strong>V</strong></span> <span class='ocrx_word' id='word_1_34' title='bbox 887 903 896 912; x_wconf 92' lang='lat'>.</span> 
     </span>
    </p>

    <p class='ocr_par' dir='ltr' id='par_1_8' title="bbox 220 878 1215 993">
     <span class='ocr_line' id='line_1_11' title="bbox 220 878 1215 993; baseline 0 -14"><span class='ocrx_word' id='word_1_35' title='bbox 220 943 290 979; x_wconf 77' lang='lat' dir='ltr'>Nae</span> <span class='ocrx_word' id='word_1_36' title='bbox 309 941 351 979; x_wconf 89' lang='lat' dir='ltr'>in</span> <span class='ocrx_word' id='word_1_37' title='bbox 369 954 454 979; x_wconf 89' lang='lat' dir='ltr'>arce</span> <span class='ocrx_word' id='word_1_38' title='bbox 472 941 614 979; x_wconf 87' lang='lat' dir='ltr'>bovem</span> <span class='ocrx_word' id='word_1_39' title='bbox 632 941 818 993; x_wconf 84' lang='lat' dir='ltr'>discerpsi</span> <span class='ocrx_word' id='word_1_40' title='bbox 831 878 1054 993; x_wconf 64' lang='lat' dir='ltr'>inlagnifice‚</span> <span class='ocrx_word' id='word_1_41' title='bbox 1074 941 1215 993; x_wconf 85' lang='lat' dir='ltr'>inquit.</span> 
     </span>
    </p>

    <p class='ocr_par' dir='ltr' id='par_1_9' title="bbox 223 1008 1286 1149">
     <span class='ocr_line' id='line_1_12' title="bbox 223 1008 1286 1149; baseline 0.002 -43"><span class='ocrx_word' id='word_1_42' title='bbox 223 1069 447 1120; x_wconf 69' lang='lat' dir='ltr'>Improbu’²</span> <span class='ocrx_word' id='word_1_43' title='bbox 469 1069 691 1116; x_wconf 84' lang='lat' dir='ltr'>confidens,</span> <span class='ocrx_word' id='word_1_44' title='bbox 710 1008 894 1108; x_wconf 56' lang='lat' dir='ltr'>thisIgi</span> <span class='ocrx_word' id='word_1_45' title='bbox 914 1083 1084 1149; x_wconf 57' lang='lat' dir='ltr'>nequam</span> <span class='ocrx_word' id='word_1_46' title='bbox 1097 1070 1286 1109; x_wconf 80' lang='lat' dir='ltr'>videatur.</span> 
     </span>
    </p>
   </div>
   <div class='ocr_carea' id='block_1_7' title="bbox 685 1214 747 1226">
    <p class='ocr_par' dir='ltr' id='par_1_10' title="bbox 685 1214 747 1226">
     <span class='ocr_line' id='line_1_13' title="bbox 685 1214 747 1226; baseline 0 0"><span class='ocrx_word' id='word_1_47' title='bbox 685 1214 747 1226; x_wconf 60' lang='lat' dir='ltr'>m</span> 
     </span>
    </p>
   </div>
   <div class='ocr_carea' id='block_1_8' title="bbox 749 1214 1000 1227">
    <p class='ocr_par' dir='ltr' id='par_1_11' title="bbox 749 1214 1000 1227">
     <span class='ocr_line' id='line_1_14' title="bbox 749 1214 1000 1227; baseline 0 1957"><span class='ocrx_word' id='word_1_48' title='bbox 749 1214 1000 1227; x_wconf 95' lang='lat' dir='ltr'> </span> 
     </span>
    </p>
   </div>
   <div class='ocr_carea' id='block_1_9' title="bbox 355 1321 1331 1368">
    <p class='ocr_par' dir='ltr' id='par_1_12' title="bbox 355 1321 1331 1368">
     <span class='ocr_line' id='line_1_15' title="bbox 355 1321 1331 1368; baseline 0.001 -3"><span class='ocrx_word' id='word_1_49' title='bbox 355 1322 448 1366; x_wconf 90' lang='lat' dir='ltr'>EX</span> <span class='ocrx_word' id='word_1_50' title='bbox 491 1321 713 1366; x_wconf 87' lang='lat' dir='ltr'>LIBRO</span> <span class='ocrx_word' id='word_1_51' title='bbox 757 1322 836 1365; x_wconf 92' lang='lat' dir='ltr'>XI</span> <span class='ocrx_word' id='word_1_52' title='bbox 878 1322 1331 1368; x_wconf 82' lang='lat' dir='ltr'>SATIRARUM.</span> 
     </span>
    </p>
   </div>
   <div class='ocr_carea' id='block_1_10' title="bbox 825 1433 845 1468">
    <p class='ocr_par' dir='ltr' id='par_1_13' title="bbox 825 1433 845 1468">
     <span class='ocr_line' id='line_1_16' title="bbox 825 1433 845 1468; baseline 0 0"><span class='ocrx_word' id='word_1_53' title='bbox 825 1433 845 1468; x_wconf 92' lang='lat'>1</span> 
     </span>
    </p>
   </div>
   <div class='ocr_carea' id='block_1_11' title="bbox 220 1488 1391 2123">
    <p class='ocr_par' dir='ltr' id='par_1_14' title="bbox 220 1488 1245 1674">
     <span class='ocr_line' id='line_1_17' title="bbox 221 1488 1213 1547; baseline -0.001 -14"><span class='ocrx_word' id='word_1_54' title='bbox 221 1496 393 1544; x_wconf 78' lang='lat' dir='ltr'>Quintus</span> <span class='ocrx_word' id='word_1_55' title='bbox 412 1495 594 1546; x_wconf 84' lang='lat' dir='ltr'>Opimius</span> <span class='ocrx_word' id='word_1_56' title='bbox 610 1488 678 1532; x_wconf 83' lang='lat' dir='ltr'>ille</span> <span class='ocrx_word' id='word_1_57' title='bbox 698 1494 924 1546; x_wconf 78' lang='lat' dir='ltr'>,Iugurthini</span> <span class='ocrx_word' id='word_1_58' title='bbox 942 1503 1051 1546; x_wconf 88' lang='lat' dir='ltr'>pater</span> <span class='ocrx_word' id='word_1_59' title='bbox 1069 1494 1188 1547; x_wconf 87' lang='lat' dir='ltr'>hujus</span> <span class='ocrx_word' id='word_1_60' title='bbox 1203 1525 1213 1542; x_wconf 93' lang='lat'>‚</span> 
     </span>
     <span class='ocr_line' id='line_1_18' title="bbox 220 1558 1245 1610; baseline 0 -13"><span class='ocrx_word' id='word_1_61' title='bbox 220 1560 271 1597; x_wconf 86' lang='lat' dir='ltr'>Et</span> <span class='ocrx_word' id='word_1_62' title='bbox 289 1559 484 1597; x_wconf 86' lang='lat' dir='ltr'>formosus</span> <span class='ocrx_word' id='word_1_63' title='bbox 502 1558 621 1596; x_wconf 89' lang='lat' dir='ltr'>homo</span> <span class='ocrx_word' id='word_1_64' title='bbox 645 1558 719 1596; x_wconf 87' lang='lat' dir='ltr'>fuit</span> <span class='ocrx_word' id='word_1_65' title='bbox 731 1587 742 1604; x_wconf 94' lang='lat'><strong>‚</strong></span> <span class='ocrx_word' id='word_1_66' title='bbox 760 1567 798 1596; x_wconf 89' lang='lat' dir='ltr'>et</span> <span class='ocrx_word' id='word_1_67' title='bbox 818 1559 987 1596; x_wconf 89' lang='lat' dir='ltr'>famosus</span> <span class='ocrx_word' id='word_1_68' title='bbox 1001 1589 1012 1605; x_wconf 91' lang='lat'>‚</span> <span class='ocrx_word' id='word_1_69' title='bbox 1031 1567 1245 1610; x_wconf 86' lang='lat' dir='ltr'>utrumque</span> 
     </span>
     <span class='ocr_line' id='line_1_19' title="bbox 222 1623 1141 1674; baseline -0.002 -12"><span class='ocrx_word' id='word_1_70' title='bbox 222 1624 353 1662; x_wconf 87' lang='lat' dir='ltr'>Primo</span> <span class='ocrx_word' id='word_1_71' title='bbox 368 1623 615 1669; x_wconf 85' lang='lat' dir='ltr'>adolescens,</span> <span class='ocrx_word' id='word_1_72' title='bbox 635 1623 830 1674; x_wconf 81' lang='lat' dir='ltr'>posterius</span> <span class='ocrx_word' id='word_1_73' title='bbox 848 1623 1023 1660; x_wconf 74' lang='lat' dir='ltr'>directiu’</span> <span class='ocrx_word' id='word_1_74' title='bbox 1047 1636 1141 1660; x_wconf 85' lang='lat' dir='ltr'>sese.</span> 
     </span>
    </p>

    <p class='ocr_par' dir='ltr' id='par_1_15' title="bbox 223 1689 1391 1931">
     <span class='ocr_line' id='line_1_20' title="bbox 814 1689 876 1724; baseline 0 0"><span class='ocrx_word' id='word_1_75' title='bbox 814 1690 833 1724; x_wconf 96' lang='lat' dir='ltr'>I</span> <span class='ocrx_word' id='word_1_76' title='bbox 845 1689 876 1724; x_wconf 93' lang='lat' dir='ltr'>I.</span> 
     </span>
     <span class='ocr_line' id='line_1_21' title="bbox 223 1750 1240 1802; baseline 0.001 -13"><span class='ocrx_word' id='word_1_77' title='bbox 223 1752 372 1789; x_wconf 87' lang='lat' dir='ltr'>Cassiu’</span> <span class='ocrx_word' id='word_1_78' title='bbox 391 1753 507 1789; x_wconf 88' lang='lat' dir='ltr'>Caius</span> <span class='ocrx_word' id='word_1_79' title='bbox 524 1751 588 1788; x_wconf 78' lang='lat' dir='ltr'>hic</span> <span class='ocrx_word' id='word_1_80' title='bbox 608 1751 796 1801; x_wconf 80' lang='lat' dir='ltr'>operariu&#39;</span> <span class='ocrx_word' id='word_1_81' title='bbox 809 1780 819 1797; x_wconf 92' lang='lat'>‚</span> <span class='ocrx_word' id='word_1_82' title='bbox 840 1763 959 1801; x_wconf 88' lang='lat' dir='ltr'>quem</span> <span class='ocrx_word' id='word_1_83' title='bbox 977 1750 1240 1802; x_wconf 85' lang='lat' dir='ltr'>Cephalonem</span> 
     </span>
     <span class='ocr_line' id='line_1_22' title="bbox 225 1815 1391 1869; baseline 0.003 -16"><span class='ocrx_word' id='word_1_84' title='bbox 225 1817 395 1853; x_wconf 88' lang='lat' dir='ltr'>Dicimu’</span> <span class='ocrx_word' id='word_1_85' title='bbox 417 1824 628 1860; x_wconf 87' lang='lat' dir='ltr'><strong>sectorem,</strong></span> <span class='ocrx_word' id='word_1_86' title='bbox 650 1816 891 1866; x_wconf 87' lang='lat' dir='ltr'>Furiumque</span> <span class='ocrx_word' id='word_1_87' title='bbox 904 1844 915 1861; x_wconf 93' lang='lat'>‚</span> <span class='ocrx_word' id='word_1_88' title='bbox 939 1815 1044 1853; x_wconf 89' lang='lat' dir='ltr'>hunc</span> <span class='ocrx_word' id='word_1_89' title='bbox 1063 1816 1209 1856; x_wconf 83' lang='lat' dir='ltr'>Tulliu’</span> <span class='ocrx_word' id='word_1_90' title='bbox 1228 1818 1391 1869; x_wconf 78' lang='lat' dir='ltr'>quidam</span> 
     </span>
     <span class='ocr_line' id='line_1_23' title="bbox 225 1878 1186 1931; baseline 0.001 -14"><span class='ocrx_word' id='word_1_91' title='bbox 225 1880 354 1918; x_wconf 85' lang='lat' dir='ltr'>Judex</span> <span class='ocrx_word' id='word_1_92' title='bbox 371 1879 557 1931; x_wconf 85' lang='lat' dir='ltr'>heredem</span> <span class='ocrx_word' id='word_1_93' title='bbox 575 1879 686 1925; x_wconf 86' lang='lat' dir='ltr'>facit,</span> <span class='ocrx_word' id='word_1_94' title='bbox 708 1888 746 1917; x_wconf 90' lang='lat' dir='ltr'>et</span> <span class='ocrx_word' id='word_1_95' title='bbox 764 1879 935 1916; x_wconf 86' lang='lat' dir='ltr'>damnati</span> <span class='ocrx_word' id='word_1_96' title='bbox 953 1878 1019 1916; x_wconf 86' lang='lat' dir='ltr'>alii</span> <span class='ocrx_word' id='word_1_97' title='bbox 1038 1893 1186 1918; x_wconf 86' lang='lat' dir='ltr'>omnes.</span> 
     </span>
    </p>

    <p class='ocr_par' dir='ltr' id='par_1_16' title="bbox 226 1946 1194 2123">
     <span class='ocr_line' id='line_1_24' title="bbox 802 1946 895 1980; baseline 0 0"><span class='ocrx_word' id='word_1_98' title='bbox 802 1946 821 1980; x_wconf 94' lang='grc' dir='ltr'><strong>Ῑ</strong></span> <span class='ocrx_word' id='word_1_99' title='bbox 832 1946 851 1980; x_wconf 95' lang='lat' dir='ltr'>I</span> <span class='ocrx_word' id='word_1_100' title='bbox 864 1946 895 1980; x_wconf 90' lang='lat' dir='ltr'>I.</span> 
     </span>
     <span class='ocr_line' id='line_1_25' title="bbox 226 2008 1194 2060; baseline 0.002 -15"><span class='ocrx_word' id='word_1_101' title='bbox 226 2008 365 2045; x_wconf 87' lang='lat' dir='ltr'>Luciu’</span> <span class='ocrx_word' id='word_1_102' title='bbox 384 2010 496 2046; x_wconf 89' lang='lat' dir='ltr'>Cotta</span> <span class='ocrx_word' id='word_1_103' title='bbox 515 2021 631 2046; x_wconf 82' lang='lat' dir='ltr'>senex</span> <span class='ocrx_word' id='word_1_104' title='bbox 650 2008 774 2046; x_wconf 88' lang='lat' dir='ltr'>Crassi</span> <span class='ocrx_word' id='word_1_105' title='bbox 792 2016 901 2058; x_wconf 87' lang='lat' dir='ltr'>pater</span> <span class='ocrx_word' id='word_1_106' title='bbox 918 2009 1030 2060; x_wconf 61' lang='lat' dir='ltr'>huju&#39;</span> <span class='ocrx_word' id='word_1_107' title='bbox 1049 2010 1194 2047; x_wconf 86' lang='lat' dir='ltr'>Panaeti</span> 
     </span>
     <span class='ocr_line' id='line_1_26' title="bbox 228 2072 1167 2123; baseline 0.001 -14"><span class='ocrx_word' id='word_1_108' title='bbox 228 2074 396 2123; x_wconf 82' lang='lat' dir='ltr'>Magnus</span> <span class='ocrx_word' id='word_1_109' title='bbox 415 2072 513 2110; x_wconf 87' lang='lat' dir='ltr'>trico</span> <span class='ocrx_word' id='word_1_110' title='bbox 531 2072 604 2109; x_wconf 80' lang='lat' dir='ltr'>fuit</span> <span class='ocrx_word' id='word_1_111' title='bbox 621 2072 856 2110; x_wconf 87' lang='lat' dir='ltr'>nummariu&#39;</span> <span class='ocrx_word' id='word_1_112' title='bbox 867 2101 879 2119; x_wconf 92' lang='lat'>,</span> <span class='ocrx_word' id='word_1_113' title='bbox 899 2072 1046 2110; x_wconf 81' lang='lat' dir='ltr'>solvere</span> <span class='ocrx_word' id='word_1_114' title='bbox 1064 2072 1167 2110; x_wconf 90' lang='lat' dir='ltr'>nulli</span> 
     </span>
    </p>
   </div>
   <div class='ocr_carea' id='block_1_12' title="bbox 226 2137 385 2173">
    <p class='ocr_par' dir='ltr' id='par_1_17' title="bbox 226 2137 385 2173">
     <span class='ocr_line' id='line_1_27' title="bbox 226 2137 385 2173; baseline -0.006 0"><span class='ocrx_word' id='word_1_115' title='bbox 226 2137 385 2173; x_wconf 81' lang='lat' dir='ltr'>Lentus.</span> 
     </span>
    </p>
   </div>
   <div class='ocr_carea' id='block_1_13' title="bbox 178 2240 825 2706">
    <p class='ocr_par' dir='ltr' id='par_1_18' title="bbox 221 2240 820 2284">
     <span class='ocr_line' id='line_1_28' title="bbox 221 2240 820 2284; baseline 0 -12"><span class='ocrx_word' id='word_1_116' title='bbox 221 2241 253 2272; x_wconf 84' lang='lat'>3.</span> <span class='ocrx_word' id='word_1_117' title='bbox 268 2240 417 2272; x_wconf 85' lang='lat' dir='ltr'>Nonius:</span> <span class='ocrx_word' id='word_1_118' title='bbox 430 2241 584 2272; x_wconf 81' lang='lat' dir='ltr'>Desubito</span> <span class='ocrx_word' id='word_1_119' title='bbox 590 2264 602 2279; x_wconf 93' lang='lat'><strong><em>,</em></strong></span> <span class='ocrx_word' id='word_1_120' title='bbox 612 2252 676 2284; x_wconf 84' lang='lat' dir='ltr'>pro</span> <span class='ocrx_word' id='word_1_121' title='bbox 695 2241 820 2272; x_wconf 80' lang='lat' dir='ltr'>subito.</span> 
     </span>
    </p>

    <p class='ocr_par' dir='ltr' id='par_1_19' title="bbox 178 2295 823 2391">
     <span class='ocr_line' id='line_1_29' title="bbox 223 2295 823 2337; baseline 0.002 -12"><span class='ocrx_word' id='word_1_122' title='bbox 223 2299 256 2331; x_wconf 69' lang='grc'>4.</span> <span class='ocrx_word' id='word_1_123' title='bbox 268 2295 400 2326; x_wconf 80' lang='lat' dir='ltr'>Nonius</span> <span class='ocrx_word' id='word_1_124' title='bbox 413 2306 420 2325; x_wconf 91' lang='lat'>:</span> <span class='ocrx_word' id='word_1_125' title='bbox 431 2297 551 2337; x_wconf 72' lang='lat' dir='ltr'>Aprum</span> <span class='ocrx_word' id='word_1_126' title='bbox 559 2319 569 2333; x_wconf 84' lang='lat'><em>,</em></span> <span class='ocrx_word' id='word_1_127' title='bbox 586 2306 776 2326; x_wconf 84' lang='lat' dir='ltr'>connexum</span> <span class='ocrx_word' id='word_1_128' title='bbox 789 2303 823 2326; x_wconf 88' lang='lat' dir='ltr'>et</span> 
     </span>
     <span class='ocr_line' id='line_1_30' title="bbox 178 2339 631 2391; baseline 0.009 -14"><span class='ocrx_word' id='word_1_129' title='bbox 178 2346 365 2390; x_wconf 80' lang='lat' dir='ltr'>colligatum</span> <span class='ocrx_word' id='word_1_130' title='bbox 382 2348 556 2391; x_wconf 75' lang='lat' dir='ltr'>significat.</span> <span class='ocrx_word' id='word_1_131' title='bbox 626 2339 631 2344; x_wconf 45' lang='lat'>¹</span> 
     </span>
    </p>

    <p class='ocr_par' dir='ltr' id='par_1_20' title="bbox 227 2400 797 2444">
     <span class='ocr_line' id='line_1_31' title="bbox 227 2400 797 2444; baseline 0.004 -14"><span class='ocrx_word' id='word_1_132' title='bbox 227 2400 259 2430; x_wconf 78' lang='lat'>5.</span> <span class='ocrx_word' id='word_1_133' title='bbox 277 2402 425 2433; x_wconf 77' lang='lat' dir='ltr'>Nonius:</span> <span class='ocrx_word' id='word_1_134' title='bbox 439 2402 605 2440; x_wconf 78' lang='lat' dir='ltr'>Firmiter,</span> <span class='ocrx_word' id='word_1_135' title='bbox 618 2413 680 2444; x_wconf 86' lang='lat' dir='ltr'>pro</span> <span class='ocrx_word' id='word_1_136' title='bbox 693 2401 797 2432; x_wconf 83' lang='lat' dir='ltr'>firme.</span> 
     </span>
    </p>

    <p class='ocr_par' dir='ltr' id='par_1_21' title="bbox 227 2444 821 2498">
     <span class='ocr_line' id='line_1_32' title="bbox 227 2444 821 2498; baseline 0.003 -17"><span class='ocrx_word' id='word_1_137' title='bbox 227 2452 261 2481; x_wconf 69' lang='lat'>6,</span> <span class='ocrx_word' id='word_1_138' title='bbox 269 2453 356 2484; x_wconf 80' lang='lat' dir='ltr'>Non.</span> <span class='ocrx_word' id='word_1_139' title='bbox 367 2455 492 2498; x_wconf 76' lang='lat' dir='ltr'>Pigror‚</span> <span class='ocrx_word' id='word_1_140' title='bbox 503 2456 631 2497; x_wconf 84' lang='lat' dir='ltr'>generis</span> <span class='ocrx_word' id='word_1_141' title='bbox 638 2444 821 2485; x_wconf 75' lang='lat' dir='ltr'>masculini.</span> 
     </span>
    </p>

    <p class='ocr_par' dir='ltr' id='par_1_22' title="bbox 180 2504 824 2601">
     <span class='ocr_line' id='line_1_33' title="bbox 228 2504 823 2545; baseline -0.01 -3"><span class='ocrx_word' id='word_1_142' title='bbox 228 2504 514 2542; x_wconf 76' lang='lat' dir='ltr'>7·Don.inAndr.</span> <span class='ocrx_word' id='word_1_143' title='bbox 524 2509 644 2545; x_wconf 84' lang='lat' dir='ltr'>act.11‚</span> <span class='ocrx_word' id='word_1_144' title='bbox 652 2518 697 2537; x_wconf 89' lang='lat' dir='ltr'>sc.</span> <span class='ocrx_word' id='word_1_145' title='bbox 713 2518 741 2537; x_wconf 85' lang='lat'>1:</span> <span class='ocrx_word' id='word_1_146' title='bbox 752 2506 823 2543; x_wconf 76' lang='lat' dir='ltr'>Noe,</span> 
     </span>
     <span class='ocr_line' id='line_1_34' title="bbox 180 2555 824 2601; baseline 0.008 -16"><span class='ocrx_word' id='word_1_147' title='bbox 180 2555 286 2594; x_wconf 81' lang='lat' dir='ltr'>valde,</span> <span class='ocrx_word' id='word_1_148' title='bbox 292 2564 360 2594; x_wconf 85' lang='lat' dir='ltr'>aut,</span> <span class='ocrx_word' id='word_1_149' title='bbox 365 2565 403 2588; x_wconf 83' lang='lat' dir='ltr'>nt</span> <span class='ocrx_word' id='word_1_150' title='bbox 408 2561 541 2600; x_wconf 80' lang='lat' dir='ltr'>quidam</span> <span class='ocrx_word' id='word_1_151' title='bbox 548 2560 677 2598; x_wconf 87' lang='lat' dir='ltr'>volunt,</span> <span class='ocrx_word' id='word_1_152' title='bbox 684 2560 704 2590; x_wconf 88' lang='grc' dir='ltr'>ὀ</span> <span class='ocrx_word' id='word_1_153' title='bbox 713 2570 824 2601; x_wconf 89' lang='lat' dir='ltr'>quam.</span> 
     </span>
    </p>

    <p class='ocr_par' dir='ltr' id='par_1_23' title="bbox 181 2608 825 2706">
     <span class='ocr_line' id='line_1_35' title="bbox 231 2608 825 2658; baseline 0.017 -21"><span class='ocrx_word' id='word_1_154' title='bbox 231 2608 261 2637; x_wconf 87' lang='lat'>8.</span> <span class='ocrx_word' id='word_1_155' title='bbox 282 2609 432 2640; x_wconf 84' lang='lat' dir='ltr'>Nouius:</span> <span class='ocrx_word' id='word_1_156' title='bbox 454 2613 653 2658; x_wconf 80' lang='lat' dir='ltr'>Confidencia</span> <span class='ocrx_word' id='word_1_157' title='bbox 662 2636 675 2653; x_wconf 87' lang='grc'><em>,</em></span> <span class='ocrx_word' id='word_1_158' title='bbox 693 2623 825 2645; x_wconf 74' lang='lat' dir='ltr'>rursum</span> 
     </span>
     <span class='ocr_line' id='line_1_36' title="bbox 181 2660 523 2706; baseline 0.015 -15"><span class='ocrx_word' id='word_1_159' title='bbox 181 2660 342 2694; x_wconf 75' lang='lat' dir='ltr'>temeritas</span> <span class='ocrx_word' id='word_1_160' title='bbox 351 2683 362 2701; x_wconf 85' lang='lat'>,</span> <span class='ocrx_word' id='word_1_161' title='bbox 378 2662 523 2706; x_wconf 73' lang='lat' dir='ltr'>audacia.</span> 
     </span>
    </p>
   </div>
   <div class='ocr_carea' id='block_1_14' title="bbox 875 2242 1527 2606">
    <p class='ocr_par' dir='ltr' id='par_1_24' title="bbox 875 2242 1527 2606">
     <span class='ocr_line' id='line_1_37' title="bbox 927 2242 1521 2278; baseline 0.005 -6"><span class='ocrx_word' id='word_1_162' title='bbox 927 2253 941 2272; x_wconf 88' lang='lat'>1</span> <span class='ocrx_word' id='word_1_163' title='bbox 949 2265 957 2272; x_wconf 94' lang='lat'>.</span> <span class='ocrx_word' id='word_1_164' title='bbox 979 2242 1109 2273; x_wconf 80' lang='lat' dir='ltr'>Nonius</span> <span class='ocrx_word' id='word_1_165' title='bbox 1121 2253 1129 2272; x_wconf 70' lang='grc' dir='ltr'>ε</span> <span class='ocrx_word' id='word_1_166' title='bbox 1149 2243 1316 2272; x_wconf 82' lang='lat' dir='ltr'>Famosum</span> <span class='ocrx_word' id='word_1_167' title='bbox 1326 2265 1337 2278; x_wconf 92' lang='lat'><em>,</em></span> <span class='ocrx_word' id='word_1_168' title='bbox 1357 2243 1521 2275; x_wconf 78' lang='lat' dir='ltr'>infamem.</span> 
     </span>
     <span class='ocr_line' id='line_1_38' title="bbox 925 2295 1523 2331; baseline 0.008 -7"><span class='ocrx_word' id='word_1_169' title='bbox 925 2305 943 2324; x_wconf 84' lang='lat'><em>2</em></span> <span class='ocrx_word' id='word_1_170' title='bbox 950 2318 958 2325; x_wconf 91' lang='lat'>.</span> <span class='ocrx_word' id='word_1_171' title='bbox 969 2296 1059 2326; x_wconf 88' lang='lat' dir='ltr'>Non.</span> <span class='ocrx_word' id='word_1_172' title='bbox 1069 2296 1248 2331; x_wconf 82' lang='lat' dir='ltr'>Damnare,</span> <span class='ocrx_word' id='word_1_173' title='bbox 1259 2301 1308 2325; x_wconf 85' lang='lat' dir='ltr'>est</span> <span class='ocrx_word' id='word_1_174' title='bbox 1314 2295 1523 2329; x_wconf 75' lang='lat' dir='ltr'>exheredare.</span> 
     </span>
     <span class='ocr_line' id='line_1_39' title="bbox 923 2347 1527 2385; baseline 0.007 -7"><span class='ocrx_word' id='word_1_175' title='bbox 923 2348 954 2378; x_wconf 89' lang='lat'>3.</span> <span class='ocrx_word' id='word_1_176' title='bbox 977 2348 1107 2378; x_wconf 87' lang='lat' dir='ltr'>Nonius</span> <span class='ocrx_word' id='word_1_177' title='bbox 1121 2359 1129 2378; x_wconf 90' lang='lat'>:</span> <span class='ocrx_word' id='word_1_178' title='bbox 1151 2348 1181 2377; x_wconf 91' lang='lat' dir='ltr'><em>T</em></span> <span class='ocrx_word' id='word_1_179' title='bbox 1175 2347 1298 2379; x_wconf 81' lang='lat' dir='ltr'>ricones</span> <span class='ocrx_word' id='word_1_180' title='bbox 1310 2372 1323 2385; x_wconf 92' lang='lat'><em>,</em></span> <span class='ocrx_word' id='word_1_181' title='bbox 1346 2351 1471 2381; x_wconf 80' lang='lat' dir='ltr'>morosi</span> <span class='ocrx_word' id='word_1_182' title='bbox 1491 2358 1527 2382; x_wconf 84' lang='lat' dir='ltr'>et</span> 
     </span>
     <span class='ocr_line' id='line_1_40' title="bbox 876 2400 1524 2441; baseline 0.006 -11"><span class='ocrx_word' id='word_1_183' title='bbox 876 2400 917 2431; x_wconf 87' lang='lat' dir='ltr'>ad</span> <span class='ocrx_word' id='word_1_184' title='bbox 930 2401 1133 2431; x_wconf 83' lang='lat' dir='ltr'>reddendum</span> <span class='ocrx_word' id='word_1_185' title='bbox 1145 2400 1232 2431; x_wconf 81' lang='lat' dir='ltr'>duri.</span> <span class='ocrx_word' id='word_1_186' title='bbox 1247 2401 1356 2433; x_wconf 86' lang='lat' dir='ltr'>Idem:</span> <span class='ocrx_word' id='word_1_187' title='bbox 1369 2403 1524 2441; x_wconf 65' lang='lat' dir='ltr'>Latum,</span> 
     </span>
     <span class='ocr_line' id='line_1_41' title="bbox 875 2454 1525 2499; baseline 0.008 -15"><span class='ocrx_word' id='word_1_188' title='bbox 875 2454 977 2485; x_wconf 82' lang='lat' dir='ltr'>facile.</span> <span class='ocrx_word' id='word_1_189' title='bbox 990 2454 1107 2485; x_wconf 81' lang='lat' dir='ltr'>—Vel</span> <span class='ocrx_word' id='word_1_190' title='bbox 1132 2455 1266 2496; x_wconf 81' lang='lat' dir='ltr'>potius,</span> <span class='ocrx_word' id='word_1_191' title='bbox 1287 2456 1390 2487; x_wconf 80' lang='lat' dir='ltr'>lentus</span> <span class='ocrx_word' id='word_1_192' title='bbox 1407 2458 1525 2499; x_wconf 69' lang='lat' dir='ltr'>salven</span> 
     </span>
     <span class='ocr_line' id='line_1_42' title="bbox 877 2506 1523 2553; baseline 0.008 -16"><span class='ocrx_word' id='word_1_193' title='bbox 877 2507 961 2538; x_wconf 83' lang='lat' dir='ltr'>nulli</span> <span class='ocrx_word' id='word_1_194' title='bbox 967 2530 979 2543; x_wconf 90' lang='lat'><em>,</em></span> <span class='ocrx_word' id='word_1_195' title='bbox 992 2506 1193 2538; x_wconf 77' lang='lat' dir='ltr'>archaismus</span> <span class='ocrx_word' id='word_1_196' title='bbox 1206 2515 1255 2539; x_wconf 86' lang='lat' dir='ltr'>est</span> <span class='ocrx_word' id='word_1_197' title='bbox 1267 2520 1274 2539; x_wconf 90' lang='lat'>:</span> <span class='ocrx_word' id='word_1_198' title='bbox 1288 2509 1363 2540; x_wconf 84' lang='lat' dir='ltr'>duae</span> <span class='ocrx_word' id='word_1_199' title='bbox 1374 2510 1523 2553; x_wconf 68' lang='lat' dir='ltr'>negatio·</span> 
     </span>
     <span class='ocr_line' id='line_1_43' title="bbox 876 2562 1523 2606; baseline 0.011 -16"><span class='ocrx_word' id='word_1_200' title='bbox 876 2571 936 2591; x_wconf 82' lang='lat' dir='ltr'>nes</span> <span class='ocrx_word' id='word_1_201' title='bbox 950 2571 1012 2602; x_wconf 86' lang='lat' dir='ltr'>pro</span> <span class='ocrx_word' id='word_1_202' title='bbox 1025 2571 1111 2592; x_wconf 82' lang='lat' dir='ltr'>una:</span> <span class='ocrx_word' id='word_1_203' title='bbox 1130 2562 1252 2599; x_wconf 82' lang='lat' dir='ltr'>lentus,</span> <span class='ocrx_word' id='word_1_204' title='bbox 1267 2573 1339 2595; x_wconf 90' lang='lat' dir='ltr'>non</span> <span class='ocrx_word' id='word_1_205' title='bbox 1351 2570 1523 2606; x_wconf 73' lang='lat' dir='ltr'>pmptus</span> 
     </span>
    </p>
   </div>
   <div class='ocr_carea' id='block_1_15' title="bbox 877 2613 1520 2699">
    <p class='ocr_par' dir='ltr' id='par_1_25' title="bbox 877 2613 1520 2699">
     <span class='ocr_line' id='line_1_44' title="bbox 877 2613 1520 2660; baseline 0.011 -17"><span class='ocrx_word' id='word_1_206' title='bbox 877 2613 1002 2644; x_wconf 76' lang='lat' dir='ltr'>solvere</span> <span class='ocrx_word' id='word_1_207' title='bbox 1011 2614 1098 2646; x_wconf 85' lang='lat' dir='ltr'>nulli</span> <span class='ocrx_word' id='word_1_208' title='bbox 1106 2637 1116 2655; x_wconf 90' lang='lat'>,</span> <span class='ocrx_word' id='word_1_209' title='bbox 1127 2615 1163 2647; x_wconf 90' lang='lat' dir='ltr'>id</span> <span class='ocrx_word' id='word_1_210' title='bbox 1172 2622 1237 2654; x_wconf 81' lang='lat' dir='ltr'>est,</span> <span class='ocrx_word' id='word_1_211' title='bbox 1251 2616 1339 2648; x_wconf 88' lang='lat' dir='ltr'>nulli</span> <span class='ocrx_word' id='word_1_212' title='bbox 1346 2624 1520 2660; x_wconf 68' lang='lat' dir='ltr'>pmmptus</span> 
     </span>
     <span class='ocr_line' id='line_1_45' title="bbox 877 2666 1333 2699; baseline 0.004 -2"><span class='ocrx_word' id='word_1_213' title='bbox 877 2666 1012 2699; x_wconf 80' lang='lat' dir='ltr'>solvere.</span> <span class='ocrx_word' id='word_1_214' title='bbox 1329 2691 1333 2694; x_wconf 77' lang='lat'><em>-</em></span> 
     </span>
    </p>
   </div>
  </div>
 </body>
</html>
