1846 3184
0 1351 11 1496 νῆν-,ψ’
0 1328 3 1330 -

250 222 299 276 ³*
443 255 447 258 ·
587 247 661 289 a
674 214 948 288 Lucan
974 241 1165 315 vrrA.
1153 208 1245 277 Ὁ
1464 243 1551 297 ωε

199 328 585 378 mdbmrebufl
602 298 801 402 φησι»
817 327 936 365 fuisse
954 326 1008 377 (si
1026 325 1190 378 quidem
1208 324 1333 390 φιτ
1353 325 1493 364 titulus
1511 327 1577 374 id

202 394 694 449 pron-iueruviakhntur)‚
714 406 789 431 uec
815 391 1035 444 quidquam
1054 390 1184 437 fellis,
1204 397 1274 427 aut
1293 385 1559 429 amai-olentiae

202 463 315 505 inse
341 460 579 506 continuisse
608 459 700 497 satis
729 466 837 510 patet
861 469 908 495 ex
933 455 1127 495 Diomede
1155 455 1374 501 scribente,
1404 455 1472 492 lib.
1502 457 1562 494 III

205 529 419 565 Gmnmat.
432 526 566 565 Satira
577 533 636 561 est
646 537 804 560 carmen
819 523 933 573 apud
944 522 1161 567 Romanos,
1184 533 1263 557 non
1278 512 1436 570 quidem
1453 521 1566 570 apud

210 576 365 630 Grieoot
376 617 392 636 ,
412 590 648 628 maledicum
673 598 716 626 et
733 589 794 624 ad
811 588 1013 637 carpenda
1038 586 1239 623 hominum
1262 586 1363 622 vitia
1382 585 1564 622 Archoeoe

206 656 408 694 comoedioe
432 655 657 691 chamceere
684 654 935 703 conpositum
954 679 969 697 ,
1000 653 1118 701 quale
1142 652 1383 700 scr‘mserunt·
1396 651 1567 688 Lucilius

207 729 251 758 et
263 721 449 757 Horatius
471 727 513 756 et
533 719 689 755 Persius
703 732 717 754 :
739 718 813 754 sed
835 719 927 754 olim
940 727 1110 753 'cannen
1133 716 1243 765 quod
1262 727 1316 751 ea.-
1334 716 1458 752 variis
1468 720 1567 765 poe?-

208 785 374 822 mau‘bus
386 784 589 820 constabat
600 784 722 819 satim
734 783 970 827 vocabatur,
988 783 1124 830 quales
1133 781 1369 829 sergoserunt
1378 781 1569 817 Pacuvius

210 858 250 886 et
274 850 435 887 Ennius.
465 851 622 885 Possem
651 846 780 884 eidem
809 846 867 883 rei
902 844 1100 882 firmandae
1133 843 1323 882 advocare
1348 845 1571 882 testimonia

210 913 465 961 Quintiliani,
492 912 635 950 Donati
648 940 660 958 ,
686 919 726 948 et
749 918 927 948 veterum
952 900 1212 960 interpretum
1238 903 1413 955 'nontin
1433 909 1502 947 sed
1526 922 1574 947 ω

211 987 259 1016 ut
277 978 439 1015 minime
458 977 499 1014 in
517 990 558 1014 re
576 984 681 1014 certa
702 983 743 1013 et
765 975 984 1013 indubitata
1007 974 1242 1020 necessaria,
1262 982 1303 1011 et
1319 974 1414 1025 quia
1431 974 1576 1025 partim

213 1043 309 1080 alibi
330 1055 375 1079 ea
397 1041 609 1086 collocavi,
632 1040 698 1078 hic
724 1040 850 1079 sciens
872 1048 1075 1091 praetereo.
1095 1039 1196 1077 Hinc
1221 1039 1340 1076 etiam
1368 1039 1576 1077 mnifesto

214 1107 368 1158 liquere
386 1106 554 1144 arbitror
573 1106 781 1144 vanitatem
801 1105 986 1154 illorum,
1007 1105 1078 1156 qui
1105 1104 1305 1142 Lucilium
1328 1103 1519 1143 iambicos
1538 1111 1579 1142 et

217 1172 436 1210 trochaicos
452 1170 618 1208 heroicis
636 1171 811 1209 versibus
828 1170 1085 1207 immiscuisse
1096 1167 1333 1220 persuadere
1345 1169 1475 1207 conati
1487 1176 1582 1206 sunt

218 1236 347 1275 nobis.
371 1238 453 1273 Nec
477 1248 570 1273 vero
597 1232 766 1274 iambico
791 1248 838 1272 ac
867 1234 1068 1272 trochaico
1092 1225 1265 1272 carmine
1292 1247 1387 1271 eum
1417 1234 1580 1271 omuino
1647 1274 1652 1279 ,

155 1320 164 1332 ·
220 1314 339 1339 usum
355 1300 475 1339 fuisse
494 1301 740 1351 negaverim:
759 1313 850 1338 nam
865 1291 926 1346 id,
943 1307 1085 1350 praeter
1097 1299 1200 1350 ipsas
1214 1298 1579 1349 Luciliiseliquias,

219 1364 426 1405 Diomedis
450 1365 681 1402 auctoritate
708 1365 910 1403 confutare
936 1363 1171 1402 facillimum
1190 1363 1262 1409 sit,
1282 1363 1353 1414 qui
1374 1376 1467 1400 eum
1486 1372 1583 1400 cum

220 1429 377 1468 Catullo
403 1457 415 1474 ‚
445 1430 606 1467 Horatio
632 1457 644 1474 ,
683 1429 872 1468 Bibaculo
906 1429 1009 1466 inter
1044 1429 1264 1479 praecipuos
1304 1427 1463 1465 iambici
1494 1440 1585 1464 car-

219 1494 337 1534 minis
352 1493 560 1544 scriptores
576 1502 750 1532 recenset
763 1508 774 1530 :
792 1493 880 1539 sed,
898 1493 1023 1530 sicubi
1037 1493 1084 1530 iis
1103 1506 1199 1530 usus
1213 1501 1271 1530 est
1281 1521 1293 1538 ‚
1309 1492 1468 1530 nullum
1485 1504 1586 1542 prae-

228 1568 332 1598 terea
349 1557 460 1595 aliud
478 1558 594 1596 metri
603 1571 734 1609 *genus
751 1558 900 1596 ibidem
920 1571 1127 1608 usurpasse
1148 1558 1342 1595 affirmare
1362 1556 1501 1594 ausim.
1523 1557 1590 1594 Sic

220 1625 341 1677 igitur
355 1622 406 1660 de
423 1622 576 1673 scriptis
594 1623 681 1671 ejus
701 1623 743 1660 in
766 1623 992 1660 universum
1017 1621 1172 1659 habeto.
1194 1622 1369 1672 Triginta
1388 1621 1512 1658 libros
1531 1633 1595 1657 sa-

221 1689 384 1727 :inrum
402 1701 495 1725 eum
519 1687 721 1738 reliquisse
732 1716 744 1733 ,
765 1700 938 1738 quorum
956 1683 1042 1724 'XX
1064 1687 1215 1737 priores
1234 1685 1469 1724 hexametris
1488 1693 1593 1723 totos

222 1751 440 1790 constitisse
463 1751 547 1801 ipsa
573 1751 790 1802 fragmenta
815 1751 1008 1788 indicium
1035 1751 1179 1801 pariter
1201 1764 1247 1788 ac
1269 1750 1391 1797 fidem
1416 1750 1591 1796 faciunt3

222 1816 368 1867 reliqui
399 1828 536 1853 omnes
554 1844 567 1861 ‚
597 1824 741 1866 praeter
771 1815 1016 1866 trigesimum
1050 1816 1066 1866 (
1084 1816 1153 1866 qui
1182 1815 1316 1853 denuo
1345 1828 1395 1852 ex
1423 1815 1593 1852 heroicis

225 1882 468 1933 compositus
482 1882 595 1932 fuit),
608 1889 677 1918 aut
688 1881 886 1927 iambicis,
902 1889 971 1918 aut
978 1871 1188 1918 trochaicis
1199 1881 1375 1918 numeris
1388 1881 1596 1918 constituti

225 1946 347 1984 fuisse
363 1945 561 1983 videntur.
581 1945 623 1984 Si
643 1959 745 1997 quos
761 1958 856 1983 vero
877 1946 919 1983 in
936 1945 1076 1983 iisdem
1094 1945 1207 1983 libris
1225 1945 1440 1996 aliquando
1460 1957 1596 1982 versus

227 2010 408 2048 heroicos
426 2010 605 2048 offendas
618 2040 629 2058 ‚
649 2024 717 2049 eos
738 2004 789 2048 ab
814 2010 900 2048 aliis
925 2010 1125 2049 aberrasse
1145 2019 1286 2061 putato
1305 2011 1457 2048 incuria
1475 2010 1596 2048 libra-

227 2076 379 2114 riorum
398 2076 566 2113 maxime
583 2090 592 2112 :
613 2074 734 2127 quam
751 2076 975 2127 frequenter
991 2066 1097 2113 enini
1115 2076 1165 2113 ab
1184 2076 1231 2113 iis
1250 2076 1291 2113 in
1310 2076 1484 2113 numeris
1503 2088 1599 2126 pec-

227 2149 360 2178 catum
379 2139 452 2186 Sit,
469 2140 507 2178 ei
524 2141 596 2192 qui
614 2140 832 2191 aliquando
848 2149 998 2179 veteres
1022 2141 1178 2178 codices
1196 2154 1289 2178 cum
1308 2140 1599 2178 recentioribus

228 2204 443 2243 contulerit
462 2204 615 2256 liquido
638 2213 816 2243 constare
841 2206 1019 2243 arbitror.
1042 2206 1153 2243 Idem
1177 2206 1319 2244 erroris
1338 2205 1596 2242 commissum

228 2267 349 2316 scias,
365 2269 522 2320 quoties
540 2270 753 2321 fragmenta
772 2270 905 2321 aliqua
924 2284 971 2308 ex
990 2270 1100 2307 libris
1119 2272 1291 2307 XXXW
1304 2298 1315 2315 ‚
1334 2278 1403 2307 aut
1416 2270 1597 2306 XXXIX

229 2333 337 2384 apud
352 2335 527 2372 Nonium
539 2334 655 2372 citata
670 2335 861 2372 invenias:
878 2334 945 2371 illa
960 2335 1066 2371 enim
1082 2335 1122 2371 in
1137 2333 1470 2384 emendatioribus
1482 2334 1596 2371 libris

231 2397 284 2434 ad
299 2400 456 2447 XXVI,
474 2407 543 2436 aut
562 2401 701 2437 XXIX
717 2399 963 2443 referuntur,
984 2411 1029 2435 ac
1044 2398 1182 2435 similis
1200 2398 1354 2436 meudae
1372 2398 1598 2436 Charisium

232 2461 481 2516 manifestum
496 2471 621 2514 puto,
637 2463 745 2513 apud
762 2476 883 2513 quem
900 2475 948 2499 ex
967 2464 1095 2499 XLIII
1113 2462 1255 2500 Lucilii
1270 2476 1347 2500 vox
1364 2466 1459 2500 calz·
1473 2463 1599 2501 addu-

235 2513 351 2580 citur.
367 2527 474 2572 Quid
487 2528 616 2573 enim,
634 2527 824 2565 obsecro?
841 2530 902 2563 An
916 2526 1126 2563 verisimile
1144 2527 1194 2564 sit
1212 2540 1259 2565 ex
1279 2536 1388 2566 tanto
1403 2528 1596 2566 librorum

235 2600 427 2635 numero,
444 2600 542 2641 quot
570 2593 672 2630 inter
692 2593 811 2630 XXX
834 2599 874 2629 et
899 2593 1030 2628 XLIII
1056 2591 1198 2643 reliqui
1225 2602 1339 2638 sunt,
1361 2583 1517 2632 nullum
1540 2594 1591 2632 ab

237 2651 323 2690 ullo
352 2657 692 2704 grammaticorum
719 2656 882 2695 verbum
914 2655 1176 2706 productum
1167 2657 1184 2679 ³
1205 2657 1403 2697 Existimo
1425 2659 1591 2711 proinde

1302 2727 1317 2753 1
1329 2712 1352 2754 5
