1846 3184
283 245 341 338 §8

637 281 691 322 A.
727 280 968 323 PERSII
1007 281 1259 326 FLACCl

347 361 402 404 Et
416 361 496 403 tibi
514 376 609 419 quae
625 362 789 404 Samios
807 362 983 405 deduxit
999 364 1137 406 littera
1154 379 1295 407 ramos

342 439 596 498 Surgentem
618 439 766 480 dextro
789 441 1038 482 monstravit
1055 441 1190 483 limite
1212 441 1359 483 callem
1377 454 1388 482 ε

345 514 492 557 stertis
506 514 666 556 adhuc!
686 515 916 572 laxumque
931 527 1082 574 caput,
1102 532 1305 576 compage
1322 516 1483 570 solute,

282 653 431 689 quoque
467 649 660 676 extremam
692 641 927 688 frugalitatem

282 698 322 729 ea
337 707 423 730 voce
441 696 612 741 expressit
626 708 635 727 z

284 770 293 777 .
307 771 314 778 .
329 771 335 777 .
347 748 465 777 Vivuut
483 747 600 788 siliquis
611 770 620 783 ‚
635 754 665 776 et
683 757 762 787 pane
780 746 924 777 secundo.

279 801 471 843 —Siliquis.
484 799 633 847 Proprie
647 808 700 833 est
712 800 926 846 operculum

279 865 342 888 seu
363 853 546 887 folliculus
563 853 926 900 leguminum.—Po·

277 909 375 940 lema.
389 906 502 940 Pultis
518 919 648 953 genus,
667 919 774 953 quam
788 919 830 940 ex
842 906 925 940 hor-

279 959 339 994 dei
353 959 463 993 farina
481 959 717 994 conficiebant
729 985 740 1001 ‚
759 968 801 994 ut
817 972 924 1006 appa-

277 1021 334 1048 ret
349 1025 392 1046 ex
411 1013 504 1047 Plin.
523 1013 588 1046 lib.
608 1013 759 1054 XVIII,
778 1025 857 1058 cap.
874 1025 895 1058 7
913 1025 921 1046 :

277 1066 348 1101 hoc
375 1065 456 1100 loco
470 1091 480 1106 ‚
506 1077 573 1112 pro
602 1065 731 1112 quovis
755 1065 922 1099 alimento

277 1119 344 1154 vili
361 1126 396 1152 et
415 1118 612 1152 communi.
635 1117 678 1152 C.

328 1172 383 1204 56.
401 1175 444 1204 Et
459 1173 519 1204 cibi
535 1184 611 1214 quce
628 1173 769 1210 Samios,
788 1173 861 1215 eta]
878 1171 924 1205 Et

275 1225 409 1265 littera,
423 1237 502 1271 quae
514 1224 640 1259 dividit
650 1237 765 1259 ramos
773 1224 923 1266 Samios,

278 1277 436 1312 ostendit
448 1278 532 1320 tibi,
547 1286 612 1312 etc.
631 1279 700 1312 hoc
713 1287 765 1312 est
775 1304 784 1319 ,
797 1278 924 1326 Pytha-

276 1341 370 1375 gorae
381 1329 485 1363 'etiam
499 1338 676 1375 praecepta
690 1328 864 1364 delibasti.
876 1350 923 1355 -—

276 1385 413 1416 Littera.
431 1383 570 1429 Nempe
583 1382 631 1424 Y,
645 1395 710 1429 per
721 1385 823 1429 cujus
837 1382 923 1417 dex-

276 1439 376 1470 trum
395 1447 510 1469 cornu
529 1443 719 1482 angustum
734 1460 744 1477 ,
763 1435 920 1470 arduum

274 1488 420 1523 virtutis
432 1488 514 1529 iter,
526 1500 591 1534 per
605 1488 787 1522 sinistrum
801 1489 919 1531 latius,

273 1541 448 1576 vitiorum
460 1541 597 1575 facilem
607 1541 697 1574 viam
705 1541 921 1588 Pythagoras

276 1595 492 1642 designabat.
506 1594 591 1628 Vid.
605 1596 723 1629 Laert.
738 1595 799 1629 vit.
812 1595 917 1643 Pyth.

273 1649 404 1695 Virgil-
422 1649 591 1696 epigram.
608 1648 654 1683 de
670 1649 787 1682 littera
801 1649 857 1683 Y:

273 1710 390 1740 Littera
404 1710 584 1751 Pythagorae
596 1709 770 1740 discrimine
784 1716 865 1740 secta
876 1710 920 1740 bi-

356 1768 442 1788 corni
451 1781 461 1793 ‚

273 1806 418 1835 Humanae
426 1805 494 1835 vitae
503 1804 633 1844 speciem
642 1804 781 1845 praeferre
786 1803 915 1835 videtur.

273 1880 320 1887 --
330 1861 489 1893 Samios...
500 1885 508 1892 .
522 1873 640 1893 ramos.
667 1860 767 1894 Rami
789 1859 916 1894 litterae

264 1913 449 1948 'dicuntur
468 1913 593 1954 Samii,
610 1913 661 1947 'ob
684 1913 916 1960 Pythagoram

274 1964 472 1999 oriundum
495 1978 515 1998 e
541 1964 646 1998 samo
671 1965 788 1998 insula
811 1965 916 1999 maris

272 2018 400 2065 Aegaei.
421 2017 538 2064 Hujus
555 2025 673 2051 autem
693 2019 844 2051 formam
860 2017 915 2051 di-

273 2072 370 2106 citur
387 2070 589 2104 Palamedes
606 2083 625 2104 e
646 2082 776 2116 gruum
794 2071 914 2104 volatu

273 2123 429 2158 finxisse.
444 2123 646 2157 Philostrat.
664 2123 726 2155 lib.
742 2123 809 2156 IV.
830 2123 869 2156 P.

321 2177 375 2223 57.
392 2180 517 2209 Dextro
532 2177 719 2208 monstravit
731 2177 830 2208 limite
847 2177 912 2208 cal-

270 2230 354 2275 lem.]
376 2229 533 2263 Imitatio
544 2228 735 2274 Virgiliana
749 2240 758 2260 :

272 2289 352 2318 Nam
369 2287 418 2316 via
437 2285 557 2317 virtutis
572 2285 708 2316 dextram
728 2285 805 2326 petit
821 2285 915 2315 ardua

352 2334 470 2365 callem.

321 2387 378 2420 58.
404 2388 513 2419 Stertis
539 2387 702 2430 adhuc!]
729 2385 913 2432 Inter-pres

274 2439 432 2473 Gallicus
453 2442 498 2471 Le
517 2440 667 2471 Monm'er
678 2463 689 2478 ‚
708 2438 746 2472 in
774 2438 846 2472 suis
867 2437 913 2471 ad

271 2491 433 2526 Persium
451 2492 568 2535 notis,
587 2500 752 2526 nostrum
768 2494 912 2538 poetam

271 2545 470 2580 excurrisse
500 2554 535 2580 et
560 2553 727 2592 vagatum
760 2546 826 2580 isse
857 2544 912 2580 di-

981 642 1082 676 cebat
1102 667 1113 684 ‚
1141 643 1201 677 cui
1233 643 1418 690 respondit
1442 643 1619 691 interpres

979 697 1072 734 Se'lis,
1086 695 1185 730 brevi
1199 704 1232 730 et
1240 697 1334 742 justa
1349 697 1461 730 satirae
1472 697 1619 744 analysi,

980 759 1086 793 quam
1095 748 1139 782 ad
1148 748 1376 783 commodum
1387 750 1540 791 lectoris,
1549 750 1621 784 hoo

978 800 1058 834 loco
1068 827 1079 844 ‚
1094 802 1131 835 in
1144 802 1308 836 Latinum
1323 815 1524 837 sermonem
1538 816 1620 838 ver·

979 860 1054 887 tere
1067 866 1293 901 nequaquam
1310 856 1439 890 inutile
1453 856 1531 890 erit.
1552 860 1620 896 Tu,

978 904 1096 951 inquit
1109 907 1152 940 ab
1166 907 1269 941 initio
1282 916 1345 942 sat.
1360 908 1501 942 Persius
1517 921 1526 942 ε
1551 912 1616 948 Τα,

970 959 1045 1002 jam
1062 961 1126 992 sole
1139 962 1259 993 dudum
1277 963 1420 1001 lucente,
1433 964 1535 995 stertis
1554 964 1617 995 ad-

979 1012 1063 1044 huc!
1071 1036 1078 1044 .
1086 1036 1094 1044 .
1103 1036 1111 1044 .
1123 1014 1291 1056 Pigrieiam
1297 1014 1427 1058 fugito.-
1437 1027 1498 1047 neu
1510 1027 1620 1048 vanas

978 1073 1043 1096 cuce
1051 1067 1155 1108 culpa·
1166 1067 1567 1110 excusationesproetcade.
1574 1092 1583 1100 .
1590 1093 1600 1102 .
1606 1093 1615 1102 .

976 1121 1024 1150 Ac
1035 1119 1159 1162 tibifar
1171 1121 1328 1152 modicum
1344 1129 1390 1155 est
1396 1145 1408 1160 ,
1423 1129 1456 1152 et
1464 1121 1532 1153 sine
1544 1123 1618 1154 labe

974 1173 1131 1210 salinum,
1158 1170 1195 1205 id
1223 1181 1274 1206 est
1291 1197 1302 1215 ,
1328 1174 1460 1206 honesta
1486 1175 1563 1206 satis
1586 1183 1621 1207 σε

976 1225 1086 1267 ampla
1096 1224 1296 1267 fortunam.
1317 1228 1386 1258 Hoc
1407 1227 1508 1258 satis?
1527 1227 1619 1259 viciis

977 1278 1108 1308 obrutus
1120 1290 1162 1311 es.
1171 1303 1178 1310 .
1186 1303 1194 1310 .
1209 1280 1278 1321 Ego
1291 1291 1420 1321 quoque
1433 1280 1483 1310 tui
1493 1279 1615 1318 similis,

976 1331 1010 1362 in
1024 1332 1165 1372 pueritia
1175 1355 1185 1369 ,
1201 1333 1307 1364 studia
1319 1357 1332 1371 ‚
1350 1333 1504 1364 virtutem
1521 1333 1616 1376 nugis

975 1391 1009 1414 et
1022 1384 1202 1425 puerilibus
1229 1385 1466 1417 oblectamenti«
1481 1393 1615 1428 postpo-

974 1437 1089 1467 nebam
1099 1448 1111 1467 :
1127 1445 1180 1468 ast
1193 1449 1249 1480 ego
1256 1449 1344 1480 puer
1361 1450 1469 1476 eram,
1483 1439 1617 1482 ignarus

975 1496 1008 1519 et
1031 1489 1218 1530 imperitus;
1243 1498 1343 1532 atque
1358 1514 1370 1528 ,
1389 1491 1475 1533 proh
1497 1492 1584 1523 dolor
1598 1495 1614 1522 Ι

975 1541 1056 1572 mihi
1071 1542 1272 1585 paedagogus
1292 1544 1377 1575 male
1399 1555 1514 1581 sames,
1536 1543 1618 1575 mihi

967 1602 1120 1636 parentes
1128 1595 1296 1627 imbecilles
1306 1604 1411 1628 erant.
1419 1620 1427 1628 .
1435 1620 1443 1627 .
1464 1599 1510 1627 Tu
1518 1608 1614 1634 vero,

964 1647 1039 1690 jam
1051 1659 1155 1689 prope
1171 1648 1230 1679 ‘vir
1240 1647 1375 1690 sactus;
1394 1657 1427 1680 eu
1436 1673 1449 1687 ‚
1463 1650 1537 1693 jam
1555 1662 1614 1682 nec

972 1701 1160 1742 discipulus,
1180 1702 1236 1733 cui
1254 1703 1389 1746 contigit
1393 1702 1556 1745 feliciter,
1580 1712 1617 1735 ut

972 1754 1116 1785 doctores
1130 1756 1298 1797 magistros
1312 1755 1446 1787 haberes
1454 1768 1468 1793 ;
1485 1764 1518 1787 tu
1527 1780 1540 1794 ,
1556 1758 1616 1799 qui

970 1806 1141 1838 stoicorum
1162 1815 1196 1838 et
1209 1807 1494 1851 mehagoricorum
1517 1810 1614 1841 etiam

965 1860 1150 1902 principia,
1171 1872 1295 1892 necnon
1319 1862 1510 1893 documenta
1532 1862 1614 1894 deli-

973 1914 1056 1944 basti
1058 1937 1163 1946 .....
1186 1915 1290 1946 stertis
1311 1915 1461 1947 adhuc!-
1476 1938 1485 1947 .
1500 1940 1509 1947 .
1525 1939 1533 1948 .
1559 1914 1614 1948 Ex

970 1966 1036 1999 hac
1051 1965 1203 2012 simplici
1220 1967 1458 2013 explicatione
1475 1966 1614 2002 ordinis

970 2019 1144 2052 sermonis
1157 2031 1197 2052 ac
1210 2020 1326 2060 seriei,
1340 2019 1478 2066 judicet
1489 2020 1614 2061 lector,

967 2084 1011 2105 an
1036 2079 1132 2105 tanta
1151 2071 1195 2105 sit
1217 2070 1420 2106 adhibenda
1439 2071 1529 2106 fides
1547 2072 1590 2106 iis
1602 2100 1614 2117 ‚

966 2123 1030 2170 qui
1042 2122 1290 2169 vagabundum
1301 2148 1312 2165 ‚
1331 2123 1545 2166 obscurum,
1561 2124 1613 2157 fe-

963 2176 1266 2222 bricitantemque
1286 2180 1430 2222 poetam
1448 2176 1612 2210 Persium

967 2236 1144 2274 perpetuo
1168 2227 1293 2262 dicunt
1317 2229 1612 2272 A.——La.2·umque

966 2290 1067 2324 caput
1080 2305 1090 2322 ‚
1117 2291 1175 2313 ete.
1201 2281 1370 2314 Pluribus
1397 2281 1518 2315 verbis
1549 2280 1611 2315 de-

967 2333 1091 2367 scribit
1106 2333 1248 2367 Persius
1258 2359 1268 2375 ,
1285 2346 1393 2379 quem
1412 2336 1484 2368 una
1498 2346 1587 2368 voce
1597 2359 1610 2377 ‚

967 2390 1096 2421 ἔκλυτον
1125 2387 1261 2427 Graeci,
1286 2388 1468 2418 dissolutum
1491 2386 1610 2421 Latini

966 2448 1106 2474 vocant.
1133 2440 1189 2473 Ex
1215 2439 1382 2473 omnibus
1405 2440 1500 2474 vitiis
1524 2441 1608 2474 nul-

965 2492 1042 2526 lum
1061 2500 1113 2526 est
1134 2491 1233 2539 quod
1255 2504 1387 2539 corpus
1406 2505 1506 2540 aeque
1527 2506 1607 2527 cor-

964 2553 1110 2592 rumpat
1124 2570 1136 2588 ‚
1165 2547 1272 2592 quam
1299 2546 1450 2581 Veneris
1475 2555 1512 2581 et
1537 2546 1608 2582 cibi
1637 2577 1647 2585 ,

317 2664 361 2694 V.
385 2663 437 2696 56.
458 2664 615 2697 Deduxit.
634 2664 718 2698 Cod.
739 2671 870 2706 noster,
884 2671 951 2697 tres
967 2664 1041 2707 alii,
1055 2672 1088 2697 et
1105 2664 1182 2698 edit.
1199 2665 1320 2697 Aldina
1331 2688 1340 2705 ,
1356 2665 1496 2698 diduxit.
1535 2672 1537 2674 ’
