1846 3184
0 1140 12 1516 ⁴w-v-,‚=,--w-pv,-v-‹„vw---.vv>
0 1099 3 1121 -
0 1066 3 1072 -
0 1009 4 1029 ,-
0 921 2 924 .
0 851 5 865 ,,

0 1857 15 1884 .’
3 1804 12 1813 z
0 1540 18 1790 -Qqagfffflqmnwuuwv

221 1983 411 2026 quadrupes
436 1982 555 2014 animal
576 2005 586 2021 ‚
610 1993 729 2014 verum
758 1982 865 2014 omnia

224 2250 355 2282 satum.
369 2249 411 2280 ad
425 2249 511 2280 illud
522 2249 641 2292 Virgil.

225 2304 310 2330 Dieioe
321 2305 452 2338 Pierides,
463 2315 517 2330 non
529 2306 615 2330 omi-
626 2315 762 2340 poss-mu
772 2315 869 2332 omna.

227 2405 314 2436 celer
320 2428 332 2444 ,
342 2407 395 2438 vel
407 2408 533 2450 sagitta.

229 2508 282 2539 vel
299 2509 482 2543 excludere.

230 2621 318 2649 tum,
339 2614 394 2645 vel
410 2614 481 2647 haee
500 2626 610 2655 scuta,
628 2618 665 2649 id
687 2625 753 2658 est,
769 2618 874 2650 forma

229 2666 371 2698 rotunda
386 2668 510 2700 scutula
526 2677 560 2702 et
574 2671 717 2704 scutella.

492 281 609 333 ux,
637 278 852 323 Lumo
879 277 951 321 vl
986 277 1201 321 sATIR.
1239 280 1245 282 ⁷

794 364 836 401 X
845 364 866 400 1
876 363 929 400 X.

246 433 455 482 Postquam
470 429 694 480 praesidium
712 428 846 467 eastris
861 427 1027 464 educere
1045 425 1160 464 crevi.

810 494 850 529 X
859 493 911 529 X.

250 561 377 612 Major
394 566 475 596 erat
489 565 606 604 natu;
623 570 705 595 non
720 557 850 594 omnia
869 567 1077 606 possumus
1092 567 1237 593 omnes.

803 622 843 658 X
854 622 893 658 X
904 623 935 657 Ι.

252 687 465 727 Custodem
483 686 613 724 classis
636 685 829 737 oetapulta
844 684 973 723 instila
991 683 1155 721 sarissas.

783 752 823 787 X
834 751 873 787 X
884 752 903 787 Ι
915 751 946 786 Ι.

251 817 426 856 Possitue
445 815 571 862 elabi,
588 829 638 853 an
653 828 771 866 porro
787 813 988 864 prodenda
1005 813 1088 851 dies
1103 812 1165 850 sit.

320 883 323 885 ’
613 876 616 877 ’
774 880 813 916 Χ
824 880 864 916 X
875 881 895 915 1
907 880 926 914 Ι
937 880 969 915 Ι.

260 950 418 987 Scutam
436 943 647 996 ligneolam
665 943 824 981 cerebro
841 943 979 980 infixit.

787 1009 829 1046 X
838 1009 879 1046 X
890 1009 909 1044 1
918 1009 967 1044 V.

268 1100 540 1113 ...........
560 1075 712 1110 Interea
727 1079 800 1110 stat
815 1070 980 1109 sentibu’
995 1078 1143 1122 pectus.

740 1172 742 1175 .
802 1137 842 1174 X
852 1137 948 1174 XV.

273 1228 809 1241 .....................
829 1201 879 1238 Et
894 1198 1065 1238 cruribu’
1081 1211 1194 1236 crura

265 1267 433 1306 Dilaxat.

791 1318 832 1355 X
841 1317 883 1354 X
889 1319 925 1355 V
934 1318 966 1353 Ι.

265 1372 473 1424 Adipatam
488 1371 655 1422 pultem.

781 1424 823 1460 X
833 1423 915 1460 XV
923 1423 943 1459 1
953 1423 986 1458 Ι.

267 1478 417 1517 Piscina
434 1476 563 1515 fallaci
580 1474 755 1514 cumulo.

414 1648 508 1692 EX
542 1646 763 1691 LIBRO
800 1645 873 1691 VI
912 1643 1355 1688 SATIRARUM.

869 1744 902 1778 1.

1447 278 1532 338 257

272 1808 347 1846 Cui
363 1821 492 1858 neque
506 1807 730 1855 jumentum
745 1814 804 1843 est
814 1835 825 1852 ‚
842 1819 914 1843 nec
932 1817 1064 1843 servus
1074 1834 1086 1851 ‚
1105 1818 1177 1843 nec
1196 1818 1327 1844 comes
1343 1804 1451 1844 ullus
1467 1835 1479 1852 ‚

272 1871 433 1923 Bulgam
448 1900 459 1917 ‚
479 1879 519 1908 et
538 1870 734 1922 quidquid
750 1870 867 1910 habet
885 1883 1138 1908 nummorum
1148 1898 1161 1916 ,
1178 1883 1312 1908 secum
1325 1869 1442 1908 habet
1458 1871 1562 1922 ipse:

968 1989 1023 2020 24.
1035 1983 1167 2015 Nouius
1179 1995 1188 2015 :
1203 1985 1276 2015 Stat
1284 1983 1382 2015 etiam
1394 1984 1487 2026 quod
1497 1985 1568 2026 ple-

221 2036 373 2068 animalia
381 2036 521 2077 pecudes
532 2043 704 2067 voe-mur.
823 2065 826 2066 γ
920 2047 1003 2068 uum
1015 2044 1066 2068 est
1079 2037 1213 2068 dicitur.

274 2099 330 2130 ¹9·
356 2089 491 2120 Nonius
510 2101 519 2119 :
546 2090 706 2126 Cernere,
734 2099 869 2120 rursum
970 2090 1024 2121 25.
1044 2090 1254 2132 Porphyrion
1269 2091 1305 2121 in
1322 2092 1435 2122 Horat,
1456 2091 1514 2121 lib.
1532 2093 1568 2128 Ι,

222 2142 406 2184 disponere.
922 2149 980 2173 sat.
994 2154 1007 2173 1
1018 2154 1031 2173 1
1044 2145 1133 2174 :Hoc
1142 2150 1202 2181 est,
1212 2143 1304 2185 quod
1316 2144 1463 2174 Lucilius
1475 2145 1520 2173 ait
1533 2144 1570 2173 in

273 2206 328 2227 20.
342 2196 532 2227 Macrobius
542 2218 554 2235 ,
565 2195 732 2234 libro‘VI,
743 2206 816 2238 cap.
834 2206 849 2226 ι
859 2218 870 2234 ,
922 2195 1043 2238 quinto
1062 2208 1069 2226 :
1090 2204 1124 2226 et
1139 2196 1286 2226 cruribus
1310 2206 1408 2226 crura
1430 2195 1570 2226 dilaxat.

971 2250 1026 2280 26.
1043 2249 1231 2286 Charisius,
1244 2248 1291 2279 lib
1322 2250 1356 2279 1:
1369 2248 1525 2280 Similiter
1537 2255 1571 2279 et

924 2312 1010 2343 opus
1028 2302 1222 2343 pistorium,
1236 2301 1329 2342 quod
1348 2301 1444 2344 adipe
1463 2301 1571 2333 confl-

273 2363 329 2384 21.
343 2354 493 2385 Nouius:
512 2355 684 2397 Catapulta
697 2378 707 2394 ‚
722 2355 872 2397 jaculum
925 2355 1033 2391 citur,
1047 2354 1140 2384 omni
1158 2364 1275 2395 genere
1301 2353 1368 2384 dici
1389 2361 1521 2396 potest,
1538 2361 1572 2386 et

923 2407 979 2437 hic
989 2406 1157 2446 adipatus,
1172 2416 1241 2447 quo
1253 2406 1450 2449 intelligitur
1459 2408 1573 2450 panis,

277 2467 332 2488 22.
356 2460 488 2491 Nouius
505 2472 513 2491 :
537 2460 697 2497 Prodere,
718 2460 850 2491 differre
860 2483 871 2498 ,
924 2465 982 2489 aut
992 2458 1083 2488 aliud
1095 2457 1241 2500 aliquid,
1254 2458 1325 2490 haec
1339 2460 1494 2502 adipata,
1505 2459 1572 2494 hoe

279 2562 335 2592 23.
348 2563 529 2597 Priscianus
539 2589 549 2604 ,
562 2566 621 2597 lib.
633 2567 700 2597 111:
714 2567 786 2596 Hoc
798 2576 872 2595 scu-
929 2565 1063 2596 scilieet.

977 2628 1032 2657 27·
1050 2619 1183 2650 servitu
1200 2621 1235 2651 P.
1252 2619 1411 2653 Danielis.

979 2681 997 2718 3
1007 2694 1015 2703 .
1034 2671 1166 2704 Nonius
1177 2684 1186 2704 :
1198 2672 1326 2716 Baga,
1339 2679 1388 2705 est
1404 2672 1575 2707 folliculus

1289 2744 1342 2788 Ῐ7

924 2518 991 2548 est,
1007 2522 1084 2552 pars
1098 2534 1108 2549 ‚
1128 2517 1162 2541 et
1185 2511 1252 2543 hoe
1272 2511 1462 2554 adipatum,
1485 2524 1572 2557 opus
