1846 3184
633 317 710 359 SA
719 316 757 357 T
772 315 793 357 1
806 316 845 358 R
854 315 894 357 A
937 315 977 356 I.

201 399 388 468 'Aspexi‚
406 409 449 441 et
469 397 652 440 nucibus
669 397 848 439 facimus
865 408 1145 454 quaecumque
1161 395 1316 438 relictis
1329 427 1342 448 ,

209 479 318 519 Cum
333 475 518 534 sapimus
538 484 734 532 patruos;
752 484 912 515 tunc...

631 0 634 2 ⁷
643 0 710 23 Ρ,““(“ῗ;ῑ”
715 0 745 13 ·’)”
751 0 887 22 {wlff

589 563 1026 591 Anvnnssnlus.

1422 316 1472 360 13

1433 413 1476 437 10

930 483 1048 514 tunc.
1059 503 1069 514 .
1079 504 1089 513 .
1110 471 1364 530 ignoscite...

1288 669 1291 671 -
1319 616 1447 659 Nolo.

662 691 938 718 rnnslus.

210 761 328 817 Quid
343 761 524 804 faciam?
542 761 625 804 Sed
644 777 740 804 sum
758 762 968 820 petulanti
985 761 1133 819 splene
1149 761 1375 803 cachinno.

150 893 203 929 los
211 894 300 929 mihi
311 906 425 942 pono,
432 903 468 929 et
480 893 677 937 stultitiam,
686 894 787 928 stoli·

150 945 298 982 ditatem
310 971 321 987 ,
338 959 512 994 vanasque
531 959 655 980 senum
667 958 788 990 curas,

149 999 259 1035 vitam
279 999 416 1038 tristem
441 1008 477 1033 et
505 999 688 1041 miseram,
709 1011 790 1045 per·

149 1054 322 1099 versAque
345 1051 492 1085 laudum
517 1051 712 1098 cupiditate
729 1050 792 1085 de-

150 1105 337 1139 formatam
346 1130 357 1145 ,
372 1117 480 1152 quam
494 1118 559 1139 nos
575 1104 724 1139 Romani
736 1104 790 1139 vi-

150 1157 268 1192 vimus
276 1157 403 1198 vitam,
416 1165 451 1190 et
463 1169 714 1203 quaecumque,
727 1168 792 1190 nos

149 1210 311 1257 juvenes,
321 1212 453 1243 nucibus
463 1211 591 1250 relictis,
601 1210 664 1256 qui
675 1223 693 1243 a
701 1222 792 1256 puo-

152 1262 279 1295 rilibus
304 1262 408 1308 nugis
435 1261 480 1296 ad
509 1262 668 1296 virorum
691 1273 792 1295 curas

148 1315 224 1360 jam
240 1314 440 1348 transiimus
450 1339 462 1355 ‚
479 1326 690 1357 quaecumque
706 1312 792 1347 ridi-

154 1364 231 1400 cula
242 1392 254 1409 ,
265 1379 373 1413 prava
391 1373 427 1400 et
443 1365 596 1399 oerentia
609 1363 793 1399 communi

152 1430 259 1453 sensu
282 1418 427 1453 facimus
438 1443 450 1459 ,
464 1416 551 1451 dum
573 1418 712 1460 sapimus
724 1430 790 1460 pa-

153 1480 260 1510 truos,
275 1469 363 1504 dum
381 1470 451 1505 viri
471 1469 582 1504 severi
599 1469 791 1503 existimari

153 1523 378 1557 volumus—-
385 1525 552 1557 Canitiem.
566 1521 673 1556 Senes
685 1522 790 1556 intel-

153 1576 232 1623 ligit
243 1601 255 1618 ,
267 1576 401 1623 quibus
417 1575 606 1622 peculiaris
624 1584 677 1609 est
695 1576 789 1610 cani·

153 1629 242 1670 ties,
260 1641 339 1675 quae
361 1641 452 1675 saepe
473 1628 600 1674 saepius
622 1629 793 1674 temporis

153 1679 362 1727 significatio
385 1688 438 1715 est
450 1705 461 1721 ‚
479 1692 552 1714 non
575 1679 791 1726 prudentiae.
808 1724 811 1727 .

152 1733 258 1769 110).ιὰ
270 1735 379 1781 χρόνου
394 1735 544 1781 μήνυσις,
557 1735 590 1767 οὐ
603 1733 793 1780 φρωνήσεως.

153 1787 391 1822 -Νοεη-ιιηι...
399 1811 408 1819 .
420 1787 538 1818 vivere.
550 1785 715 1818 Graecum
727 1793 793 1827 est,

155 1841 192 1873 τὸ
212 1840 265 1882 ζῇν
285 1840 391 1884 ἡμῶν.
412 1839 537 1872 Cicero
550 1862 560 1879 ‚
580 1840 670 1870 beate
685 1841 795 1871 vivere

157 1900 313 1924 vestrum.
326 1908 341 1921 ι
352 1891 507 1924 Primam
521 1899 640 1924 autem
651 1915 662 1932 ,
676 1891 795 1938 inquit

160 1941 386 1976 MCasaubon
421 1954 611 1988 personam
648 1951 795 1989 usurpat

159 2011 174 2024 ιι
188 1985 443 2040 objurgationis
458 1994 659 2029 molliendae
673 1999 794 2039 causa3

158 2062 174 2076 ι
189 2058 290 2080 more
303 2047 483 2095 omnium,
499 2048 561 2094 qui
575 2048 795 2083 invehuntur

158 2116 173 2130 ι
188 2099 316 2134 invitia
322 2100 535 2154 etvitiososm
521 2104 695 2134 n—Vivere
701 2104 796 2135 triste.

155 2148 185 2188 ὁ
201 2154 384 2200 σκυθρωπὸς
409 2146 500 2197 βίος,
518 2155 632 2201 qualis
657 2164 709 2189 est
734 2168 794 2190 eo-

156 2217 239 2239 rum
249 2205 402 2239 maxime
410 2230 421 2247 ‚
435 2208 495 2249 qui
507 2208 616 2239 Curios
626 2208 794 2245 simulant,

157 2267 191 2292 et
200 2259 420 2291 Bacchanalia
431 2261 556 2292 vivunt.
568 2259 590 2293 J
593 2272 650 2293 uv.
663 2268 724 2293 sat.
737 2261 775 2293 II
783 2286 794 2303 ,

157 2321 192 2344 v.
210 2310 230 2343 3
244 2334 256 2352 ‚
278 2309 324 2343 ad
345 2322 424 2356 quae
446 2310 663 2357 respondent
680 2312 772 2346 infra
783 2337 795 2354 ,

159 2364 231 2395 cum
243 2365 383 2406 sapimus
390 2373 537 2406 patruos.
555 2363 597 2396 C.

210 2425 264 2448 10.
283 2417 434 2448 Nucibus.
444 2441 452 2448 .
462 2440 470 2448 .
481 2440 489 2448 .
501 2417 637 2462 relictis]
659 2416 703 2450 Id
721 2426 773 2451 est
784 2442 795 2459 ‚

116 2496 119 2498 .
159 2466 363 2512 puerilibus
375 2467 469 2502 ludis
495 2481 534 2502 ac
558 2470 672 2515 nugis.
699 2471 797 2504 Inter

148 2528 356 2562 ,puerorum
361 2520 614 2555 oblectamenta
624 2530 722 2556 erant
732 2535 796 2555 nu·

164 2579 231 2601 ces.
243 2569 293 2604 Ea
306 2571 411 2605 simul
433 2584 516 2606 cum
536 2573 634 2607 bulla
655 2582 689 2607 et
707 2580 797 2620 prae-

165 2626 259 2654 texta
276 2623 524 2669 relinquebant
540 2650 550 2667 ‚
571 2628 654 2659 ct'un
680 2626 724 2661 ad
745 2627 797 2663 vi-

167 2669 268 2705 rilem
281 2681 412 2709 aetatem
427 2687 672 2722 pervenerant.

890 906 946 928 11.
966 895 1041 927 ciam
1058 896 1196 938 sapimus
1213 894 1376 940 patruos-J
1399 895 1478 929 Viri

841 947 954 981 severi
973 947 1136 980 aestimari
1153 947 1326 981 volumus.
1344 951 1482 981 Patruus

842 1007 877 1032 et
890 1008 976 1031 tutor
987 1011 1078 1045 saepe
1095 998 1191 1032 idem
1205 1008 1331 1034 sonant
1345 1012 1385 1034 ac
1401 1013 1479 1047 gra-

843 1050 1026 1084 viscensor
1036 1059 1070 1084 et
1080 1051 1292 1098 objurgator.
1299 1052 1481 1094 Quoniam

842 1110 959 1136 autem
980 1103 1017 1135 in
1039 1102 1256 1149 corrigendis
1278 1104 1398 1138 liberis
1418 1117 1481 1151 pa-

843 1163 914 1189 tres
945 1155 1102 1189 mitiores
1136 1163 1170 1189 et
1203 1156 1484 1203 indulgentiores

844 1219 914 1241 esse
938 1207 1078 1249 solent;
1102 1206 1194 1241 tradi
1218 1209 1323 1254 pueri
1350 1210 1485 1255 patruis

843 1257 1043 1305 corrigendi
1050 1268 1321 1294 consueverunt:
1330 1260 1381 1294 illi
1388 1261 1485 1295 enim

844 1310 1124 1354 adolescentibus
1146 1311 1381 1358 corripiendis
1404 1326 1482 1347 aus·

843 1364 991 1398 teriores
1009 1372 1092 1396 sunt
1110 1367 1217 1410 quam
1234 1373 1371 1410 patres:
1387 1365 1484 1400 unde

843 1415 932 1450 illud
944 1415 1082 1449 Horatii
1090 1424 1215 1450 notum
1228 1431 1236 1449 :
1251 1430 1292 1451 ne
1301 1419 1342 1450 sis
1347 1428 1486 1462 patruus

842 1470 943 1508 milti,
962 1476 999 1503 et
1011 1467 1072 1502 od.
1087 1469 1169 1502 libr.
1180 1470 1239 1503 111
1251 1495 1262 1511 ‚
1281 1482 1339 1511 υ,
1355 1471 1396 1505 3:

923 1527 984 1556 Aut
998 1527 1178 1563 exanimari,
1193 1533 1363 1558 metuentes

962 1575 1078 1604 Patmae
1089 1575 1219 1604 verbera
1233 1575 1354 1616 lingue.

845 1629 1038 1660 -Ἠιηε....
1053 1636 1186 1660 tunc....
1201 1626 1324 1660 Oratio
1335 1627 1486 1675 abrupta

844 1679 988 1712 affectui
1016 1679 1156 1712 satirico
1188 1680 1415 1714 conveniens.
1438 1701 1484 1706 ——

844 1731 1014 1775 Ignoscite.
1023 1730 1246 1766 Concludens
1257 1733 1396 1766 satiram
1409 1746 1485 1767 om-

845 1785 932 1818 nino
946 1797 982 1818 se
998 1785 1219 1830 scripturum
1230 1809 1242 1826 ‚
1255 1785 1394 1826 veniam
1411 1786 1485 1819 iro-

845 1836 924 1869 nice
938 1836 1020 1870 facti
1032 1836 1278 1882 pain—Nolo.
1293 1836 1400 1879 Quod
1412 1850 1484 1872 uno

843 1889 953 1923 verbo
971 1897 1074 1935 negat
1089 1887 1320 1924 adversarius.
1340 1890 1382 1924 C.

895 1952 951 1974 η.
968 1943 1057 1983 Quid
1058 1942 1230 1986 saciame’]
1246 1942 1347 1976 Inter
1360 1955 1484 1977 saxum

847 2002 883 2028 et
905 2006 1044 2028 sacrum
1067 1994 1282 2036 collocatus,
1307 1997 1402 2030 λύκου
1421 2002 1483 2031 τῶν

847 2047 936 2080 ὤτων
962 2048 1027 2091 ἔχει
1038 2072 1050 2089 ,
1068 2047 1199 2093 lupum
1226 2048 1372 2082 auribus
1400 2050 1486 2083 salse

846 2097 949 2144 fingit
965 2110 1001 2132 se
1019 2107 1163 2132 tenere:
1181 2096 1243 2132 sed
1268 2111 1345 2133 non
1358 2099 1427 2133 'diu
1450 2102 1486 2133 in

847 2151 909 2185 illo
922 2150 1070 2185 fluctuat
1082 2152 1154 2185 salo
1166 2165 1177 2195 ;
1190 2152 1307 2187 statim
1319 2153 1412 2186 enim
1428 2153 1487 2186 de-

847 2204 961 2237 cernit
975 2229 986 2246 ,
1010 2212 1046 2238 et
1072 2203 1115 2238 ad
1145 2205 1303 2251 priorem
1330 2214 1486 2239 mentem

847 2257 941 2291 redit
957 2270 966 2290 τ

848 2317 995 2344 Naturam
1008 2315 1143 2354 expellas
1159 2315 1246 2345 fui-ci
1256 2338 1264 2351 ‚
1278 2322 1376 2345 tamen
1390 2325 1487 2355 usque

930 2368 1079 2391 recurret.

848 2418 973 2452 Horat.
993 2419 1106 2464 Epist.
1128 2418 1189 2451 lib.
1216 2419 1235 2450 I
1250 2443 1260 2459 ,
1285 2430 1349 2459 10,
1373 2422 1486 2459 24.-

848 2472 1011 2503 Petulanti
1030 2473 1144 2512 splene.
1170 2469 1316 2503 Factum
1338 2482 1374 2504 se
1395 2472 1446 2505 ait
1467 2485 1488 2506 a

848 2531 974 2556 natura
983 2523 1240 2556 cachinnonem
1248 2531 1282 2556 et
1290 2527 1470 2560 σκωπτικὸν
1474 2525 1491 2569 ;”

849 2575 969 2619 itaque
991 2573 1076 2606 velit
1090 2598 1101 2614 ‚
1126 2574 1281 2615 nolitve,
1305 2575 1421 2610 oblata
1446 2590 1487 2611 re

850 2625 1008 2666 ridiculi,
1015 2626 1185 2660 continuo
1194 2628 1306 2661 risum
1315 2628 1381 2662 sihi
1391 2629 1487 2663 oriri.

853 2679 1000 2713 Veteres
1027 2688 1148 2714 autem
1173 2679 1210 2713 in
1233 2680 1355 2727 splene
1371 2682 1487 2724 risus,
