1846 3184
276 371 333 399 20
633 359 687 399 A.
724 356 973 400 PERSII
1015 359 1275 403 FLACCI

334 439 536 497 Eliquat‚
556 454 605 482 ac
629 450 778 483 tenero
801 442 1046 500 supplantat
1067 443 1199 485 verba
1223 443 1384 502 palato.
1590 451 1633 486 3⁵

332 515 563 560 Assensere
580 516 679 559 viri.
705 519 866 561 «Nunc
890 535 980 562 uon
1007 520 1116 562 cinis
1142 520 1215 563 ille
1235 524 1371 579 poetae
1618 528 1622 530 ’

333 614 349 630 «
367 592 522 636 Felix?
544 609 636 636 non
658 594 795 637 levior
816 595 970 654 cippus
991 610 1110 638 nunc
1129 596 1353 654 imprimet
1369 595 1494 640 ossa?
1510 618 1526 633 »

331 670 529 713 Laudant
552 671 758 714 convivoe.
782 693 798 708 ιι
813 672 942 714 Nunc
965 684 1054 715 non
1075 689 1100 715 e
1120 673 1326 716 Manibus
1349 674 1458 727 illis,

332 768 348 784 «
365 748 498 790 Nunc
523 764 611 790 non
634 764 658 790 e
677 750 872 803 tumulo,
890 750 1198 809 fortunataque
1218 751 1361 793 favilla
1376 783 1387 803 ‚

332 845 349 861 «
365 825 607 868 Nascentur
626 826 749 868 violae
765 824 782 867 Ρ
797 859 807 868 .
823 859 832 868 .
850 858 860 869 .
880 848 896 863 »

275 953 304 987 si
316 953 448 1000 placet,
457 953 600 988 heroid.
615 967 633 988 a
647 961 682 988 et
692 956 931 998 6.-Etplora-

273 1008 336 1040 bile
352 1009 483 1051 siquid.
502 1006 695 1041 Claudian.
715 1008 753 1041 in
773 1008 927 1054 Eutrop.

275 1088 281 1094 .
296 1089 302 1095 .
312 1088 318 1095 .
328 1088 335 1096 .
342 1066 508 1106 verbisque
520 1073 608 1096 sonat
617 1066 772 1106 plorabile
781 1067 931 1107 quiddam

274 1114 366 1144 ‘Ultra
377 1114 548 1153 nequitiam
563 1113 670 1143 fractis
675 1137 766 1143 ......
852 1115 887 1144 C.

322 1165 381 1200 35.
402 1168 562 1210 Eliquat.]
580 1166 790 1214 Metaphora
812 1179 831 1201 a
851 1179 928 1201 me-

273 1218 365 1254 tallis
374 1219 499 1265 petita,
511 1231 591 1266 quae
605 1223 735 1254 natura
746 1228 929 1267 compacta

271 1280 359 1306 sunt
377 1280 412 1306 et
430 1271 541 1315 dura,
557 1274 642 1307 cum
662 1272 851 1319 liquantur
866 1285 929 1307 au·

272 1334 347 1360 tem
356 1325 573 1359 mollescunt
583 1333 618 1359 et
626 1334 927 1369 corrumpuntur:

273 1378 324 1412 sic
334 1378 393 1412 isti
403 1388 545 1420 vocem,
555 1389 663 1425 quam
676 1390 695 1411 a
708 1387 835 1412 natura
845 1379 929 1412 viri-

272 1430 347 1465 lem
373 1439 585 1477 acceperant
598 1456 607 1472 ,
631 1430 820 1465 delicatam
845 1430 928 1465 red-

273 1483 371 1518 dunt
393 1492 428 1518 et
452 1484 661 1518 femineam.
675 1504 724 1510 —
735 1487 932 1528 Supplantat

271 1540 380 1570 verba
400 1539 528 1581 palato.
558 1538 700 1571 Vocem
731 1537 930 1572 naturalem

272 1599 348 1625 arte
363 1591 497 1637 frangit
513 1603 553 1625 ac
571 1591 787 1638 corrumpit.
802 1591 928 1626 Palaes·

273 1653 340 1678 trae
352 1644 460 1679 verba
472 1652 557 1678 sunt
568 1647 788 1689 supplantare,
800 1647 931 1678 subner-

274 1710 366 1737 vare,
378 1699 615 1738 ὑποσκελίζειν,
632 1699 810 1745 πτερνίζειν
819 1723 830 1740 ,
849 1711 930 1746 quoe

273 1757 427 1784 venuste
452 1749 631 1783 dicuntur
656 1749 701 1784 ad
728 1761 767 1784 ea
791 1750 929 1796 signifi-

273 1801 388 1836 canda
412 1815 491 1849 quae
518 1815 594 1836 non
620 1815 663 1836 ex
687 1815 771 1837 vera
796 1802 929 1839 virtute

274 1855 369 1890 fiunt
385 1869 393 1889 :
419 1855 491 1898 sic,
513 1859 619 1889 ‘verba
639 1859 848 1900 supplantare
865 1870 931 1901 pa-

273 1911 362 1949 lato,
379 1918 432 1943 est
446 1922 519 1943 non
534 1910 627 1943 hene
641 1921 708 1943 nec
722 1910 830 1956 plane
842 1922 929 1956 pro-

273 1962 444 1995 nuntiare
454 1987 464 2004 ‚
480 1961 542 1996 sed
556 1961 714 1996 molliter
728 1962 847 2008 palato
859 1962 929 1996 illi-

273 2014 375 2049 dere.
388 2013 614 2061 C.——Eodem
632 2014 706 2048 sere
721 2014 829 2049 modo
840 2041 851 2057 ‚
869 2028 925 2063 ap.

273 2079 342 2102 nos
355 2065 542 2102 delicatuli
563 2080 632 2113 pro
646 2068 757 2102 verbo
769 2070 926 2113 pigeons,

272 2119 515 2168 pronuntiant
534 2122 650 2166 pizons
665 2134 680 2159 ,·
707 2133 775 2167 pro
803 2122 929 2154 chirur-

271 2175 371 2218 gien,
387 2175 528 2206 air-utica
538 2198 549 2212 ‚
565 2181 674 2220 atque
693 2185 786 2220 saepe
802 2186 928 2208 conso-

272 2239 359 2261 nam
376 2240 396 2260 r
410 2226 450 2261 in
473 2238 642 2261 sermone
664 2227 900 2274 supplantant
916 2240 925 2260 :

273 2280 338 2324 sic,
347 2282 505 2324 mapaole
510 2305 523 2320 ,
536 2292 608 2327 pro
616 2292 670 2313 ma
674 2283 802 2325 parole,
813 2291 875 2315 etc.
885 2282 926 2314 A.

322 2333 378 2367 36.
410 2333 580 2366 Assensfre
615 2335 699 2367 viri.
713 2336 726 2379 ]
758 2333 927 2368 Laudant

273 2395 424 2421 astantes
441 2395 642 2436 utrumque
664 2396 701 2422 et
726 2398 870 2422 carmen
891 2396 928 2423 et

274 2442 637 2475 vocem.—Nunc....
661 2453 727 2474 non
749 2443 849 2481 cinis,
869 2450 928 2474 etc.

274 2493 395 2527 Verba
410 2494 616 2530 astantium.
628 2492 787 2536 Quidam
799 2493 929 2530 volunt

273 2546 350 2579 haec
371 2547 479 2582 verba
499 2560 574 2582 esse
596 2551 726 2594 poetae.
752 2548 800 2582 At
826 2548 930 2595 prior

274 2601 451 2635 sententia
466 2602 576 2649 magis
595 2601 729 2636 arridet
742 2627 752 2645 ‚
769 2602 868 2648 quasi
886 2601 932 2636 ad

277 2651 520 2689 denotandam
547 2654 715 2699 putidam
753 2654 858 2690 istam
893 2655 931 2688 in

272 2705 470 2752 probandis
481 2708 642 2753 pessimis
652 2707 771 2754 poetis
779 2707 931 2742 laudum

273 2757 485 2805 farraginem
506 2760 620 2794 acrior
639 2769 673 2794 et
690 2761 821 2806 aptior.
842 2762 880 2795 A.

1033 954 1091 1000 37.
1128 957 1203 988 Νοη
1239 957 1340 989 levior
1374 959 1486 1001 cippus
1502 981 1513 999 ‚
1543 965 1602 990 etc.
1618 957 1633 1003 ]

982 1007 1118 1055 Virgss,
1135 1008 1248 1056 eclog.
1269 1009 1304 1042 X
1316 1034 1328 1051 ‚
1345 1008 1391 1043 33
1407 1023 1416 1043 ε

986 1088 1071 1101 .....
1088 1073 1117 1102 O
1132 1073 1210 1102 mihi
1229 1080 1295 1102 tum
1311 1073 1406 1114 quam
1419 1072 1556 1104 molliter
1569 1084 1637 1104 ossa

1068 1126 1228 1158 quiescant
1237 1142 1246 1154 ‚

982 1166 1094 1197 vestra
1109 1176 1194 1196 meos
1208 1166 1284 1196 olim
1299 1165 1325 1196 ai
1340 1165 1446 1197 fistula
1455 1166 1543 1197 dicat
1552 1177 1637 1197 amo·

1066 1223 1113 1242 res
1126 1213 1133 1242 !

985 1271 1043 1306 Sic
1056 1272 1259 1315 Juvenalis,
1278 1280 1343 1307 sat.
1358 1273 1454 1315 VII,
1467 1286 1503 1308 v.
1521 1284 1589 1319 ²⁰7
1602 1286 1612 1307 z
1662 1283 1665 1285 ’

983 1335 1024 1364 m
1042 1337 1197 1376 majorum
1219 1337 1337 1367 umbris
1362 1340 1504 1374 tenuem,
1522 1345 1554 1369 et
1573 1337 1638 1368 sine

1066 1383 1203 1424 pondere
1219 1391 1350 1421 terram,

983 1430 1203 1471 Spirantesque
1222 1441 1331 1461 crocos
1342 1454 1351 1467 ‚
1371 1438 1401 1462 et
1419 1432 1451 1462 in
1471 1443 1551 1463 urna
1566 1443 1637 1473 per-

1065 1483 1194 1516 petuum
1210 1488 1263 1507 ver
1274 1500 1283 1513 ,
1301 1484 1359 1507 etc·

983 1533 1146 1569 Ridenda
1164 1543 1286 1570 autem
1302 1545 1356 1570 est
1372 1544 1540 1571 veterum
1553 1537 1638 1571 sim-

983 1588 1125 1635 plicitas
1133 1613 1144 1630 ‚
1155 1589 1218 1635 qui
1229 1589 1427 1624 amicorum
1438 1589 1639 1636 sepulchris

983 1642 1110 1689 cippos
1137 1651 1172 1677 et
1199 1643 1383 1678 columnas
1411 1645 1496 1678 cum
1521 1644 1638 1691 impo-

983 1703 1126 1738 nerent,
1136 1696 1310 1742 optabant
1322 1704 1442 1731 tamen
1455 1696 1498 1731 iis
1507 1704 1638 1732 terram

983 1747 1120 1792 levem,
1146 1749 1282 1796 quique
1304 1749 1460 1784 inimicis
1475 1774 1486 1792 ,
1507 1750 1639 1797 quibus

982 1801 1129 1835 nullum
1141 1801 1390 1839 concedebant
1403 1815 1530 1838 saxum
1539 1828 1551 1844 ,
1563 1816 1640 1850 gra-

983 1867 1066 1890 vem
1090 1864 1221 1890 terram
1234 1883 1244 1899 ,
1260 1865 1370 1904 atque
1382 1883 1393 1899 ‚
1412 1866 1454 1892 ut
1475 1857 1638 1904 pondere

983 1918 1201 1956 urgerentur
1211 1934 1223 1952 ‚
1236 1909 1314 1945 vice
1326 1913 1442 1952 versa,
1453 1911 1637 1958 optabant.

982 1982 1029 1988 —
1040 1964 1163 2007 Cippus.
1181 1963 1247 1998 Est
1268 1964 1452 2011 sepulchri
1474 1964 1574 2011 lapis.
1592 1965 1636 1999 A.

1030 2015 1087 2051 38.
1104 2019 1260 2050 Laudant
1271 2019 1434 2063 conviva]
1448 2017 1569 2052 Primo
1586 2029 1638 2051 aa·

981 2069 1188 2103 sentiuntur
1221 2068 1382 2105 laudanti
1404 2091 1416 2114 ·,
1448 2081 1533 2104 mox
1569 2070 1638 2117 ipsi

981 2120 1142 2156 laudant.
1154 2125 1307 2156 -Νιιηι-
1334 2135 1400 2156 non
1427 2135 1446 2155 e
1470 2125 1634 2156 Manibus.

982 2175 1121 2217 Manes,
1132 2176 1260 2210 animae
1275 2175 1546 2216 defunctorum,
1558 2186 1638 2222 quae

981 2226 1080 2275 apud
1091 2237 1229 2263 veteres
1244 2240 1311 2275 pro
1320 2227 1398 2262 Diis
1411 2227 1634 2262 colebantur.

1030 2280 1088 2325 39.
1105 2283 1202 2313 Nunc
1218 2294 1283 2314 non
1297 2294 1315 2313 e
1330 2283 1482 2325 cumula]
1497 2281 1637 2314 Tumu-

980 2333 1036 2367 lus
1049 2359 1059 2376 ,
1077 2333 1146 2367 hoc
1169 2333 1267 2374 loco,
1286 2333 1539 2380 sepulchrum,
1553 2345 1636 2380 pro·-

980 2386 1060 2433 prie
1081 2393 1174 2420 terra
1194 2395 1339 2421 tumens
1353 2398 1362 2418 :
1378 2386 1500 2432 itaque
1515 2394 1636 2432 potest

984 2450 1058 2473 esse
1073 2439 1173 2473 collis
1194 2437 1374 2473 naturalis.
1384 2439 1638 2472 —Fortunata-

983 2505 1048 2536 que
1059 2493 1196 2537 favilla.
1225 2491 1356 2539 Tangit
1382 2503 1520 2526 morem
1543 2492 1637 2527 anti-

983 2558 1156 2593 quorum,
1166 2546 1265 2593 apud
1279 2557 1368 2593 quos
1381 2557 1532 2593 corpora
1542 2558 1638 2579 mor-

986 2609 1136 2634 tuorum
1154 2600 1407 2634 cremabantur
1418 2625 1428 2643 ,
1444 2598 1543 2647 quod
1557 2612 1636 2633 om·

985 2654 1093 2688 nibus
1108 2662 1248 2689 notum.

1033 2713 1088 2751 40.
1098 2711 1280 2742 Nascentur
1286 2707 1498 2753 violoe.]Vid.
1505 2708 1527 2742 J
1529 2718 1634 2742 uven.

983 2761 1064 2797 loco
1078 2762 1214 2810 praecit.
1230 2763 1316 2798 Haec
1331 2771 1453 2800 autem
1466 2761 1637 2810 figmenta
