1846 3184
341 318 422 360 170

683 306 735 345 A.
767 303 1017 346 PERSII
1060 303 1314 347 FLACCI

392 390 472 427 Ast
487 397 611 428 vocat
632 385 849 428 officium:
871 387 992 429 trabe
1009 388 1136 445 rupta
1147 419 1160 441 ‚
1183 387 1351 429 Bruttia
1368 402 1468 429 saxa

393 463 571 505 Prendit
588 464 753 506 amicus
772 464 898 522 inops
909 496 921 518 ,
939 479 1119 523 remque
1141 480 1314 508 omnem
1325 498 1337 519 ,
1355 464 1570 523 surdaque
1583 476 1683 508 vota

395 539 600 582 Condidit
619 540 747 582 Ionio
763 556 774 593 ;
788 541 901 597 jacet
917 541 1009 599 ipse
1034 541 1080 582 in
1103 542 1248 584 littore
1263 574 1274 595 ‚
1295 553 1338 584 et
1359 557 1448 583 una

393 616 594 675 Ingentes
613 615 666 657 de
686 631 833 674 puppe
853 616 960 670 Dei;
977 618 1150 675 jamque
1170 618 1297 660 obvia
1318 618 1474 677 mergis
1638 623 1682 658 3ο

333 753 448 779 metus
462 743 648 790 egestatis?
661 756 742 790 quae
756 743 982 778 diffidentia?

333 800 419 831 cum
440 806 503 831 tua
525 797 686 843 granaria
709 798 891 843 segetibus*
909 798 981 832 sint

333 851 466 884 referta
477 849 547 883 ?—-
564 854 663 883 occa.
689 851 826 885 Labora
841 876 852 892 ‚
873 859 981 898 atque

332 904 470 938 interea
483 906 579 938 certa
589 904 717 938 fruaris
730 916 793 950 spe
803 929 813 945 ‚
827 917 902 938 non
916 903 980 938 de-

333 958 411 991 fore
426 958 602 991 laboranti
622 957 724 1004 quod
745 959 912 992 futurum
932 959 979 992 sit

331 1011 414 1044 satis
429 1023 439 1054 ;
457 1023 540 1045 nam
559 1011 626 1045 tibi
636 1013 709 1058 jam
728 1011 884 1045 secunda
898 1025 980 1044 mes-

328 1065 371 1096 sis
389 1065 422 1096 in
441 1065 543 1096 herba
560 1074 618 1097 est.
629 1085 676 1089 ——
690 1068 785 1097 Occa.
804 1064 956 1111 Proprie
968 1090 979 1107 ‚

332 1117 455 1163 ligone
472 1117 592 1163 glebas
610 1118 744 1164 frange.
758 1118 800 1152 C.

381 1183 438 1215 27.
456 1175 515 1203 Ast
524 1181 628 1204 vocae
642 1172 814 1218 officium]
835 1172 877 1205 In
891 1184 981 1218 prae·

331 1222 555 1264 cedentibus,
565 1224 705 1258 bonum
721 1237 828 1271 usum
839 1224 980 1259 divitia-

331 1289 414 1310 rum
429 1276 598 1310 ostendit.
612 1278 806 1324 Praecepit,
821 1286 863 1311 ut
882 1278 980 1325 quis-

330 1343 403 1377 que
421 1331 553 1377 opibus
572 1332 644 1365 suis
662 1332 860 1366 liberaliter
878 1333 978 1366 frue-

328 1392 449 1422 retur,
467 1385 555 1419 κοιτὰ
570 1387 628 1423 τὴν
645 1388 771 1425 οὐσίαν,
787 1395 822 1420 et
840 1399 886 1420 ex
897 1400 979 1433 pro-

327 1444 442 1470 ventu
452 1449 573 1470 annuo
582 1438 725 1472 sibimet
734 1438 959 1484 indulgendo
967 1464 977 1480 ‚

327 1499 363 1524 et
376 1490 500 1524 amicis
517 1491 702 1538 largiendo
718 1505 726 1524 :
748 1505 846 1526 nunc
865 1492 910 1526 de
928 1493 978 1525 al-

327 1548 404 1574 tero
421 1553 535 1587 opum
561 1552 630 1576 usu
656 1543 844 1589 loquitur,
867 1556 977 1590 quem

329 1593 457 1628 definit
474 1597 683 1630 necessitate
696 1621 706 1637 ‚
725 1605 760 1630 et
779 1597 977 1631 calamitate

326 1649 568 1696 inexspectata
583 1651 686 1684 amici
700 1651 836 1697 egentis
848 1676 859 1692 ‚
873 1652 977 1697 cujus

326 1704 438 1749 gratia
462 1705 570 1738 etiam
597 1704 732 1751 praedia
761 1706 840 1740 vult
867 1705 978 1740 vendi

326 1763 362 1787 et
379 1767 455 1788 rem
469 1764 605 1801 partam
623 1756 804 1790 imminui.
818 1757 902 1794 Ast,
919 1757 975 1790 in-

328 1808 408 1853 quit
418 1833 428 1849 ‚
444 1808 607 1843 officium
621 1810 784 1844 amicitiae
800 1819 835 1845 et
848 1811 975 1844 huma-

325 1862 450 1895 nitatis
457 1876 515 1896 me
523 1872 638 1905 vocat,
648 1865 782 1910 opibus
792 1865 879 1898 meis
890 1864 976 1897 frui·

327 1924 386 1949 tus
402 1928 482 1948 sum
498 1929 541 1950 ex
554 1927 737 1962 proventu
756 1930 878 1951 annuo
890 1943 901 1959 ‚
917 1927 952 1951 et
965 1942 976 1959 ‚

326 1980 423 2001 anno
441 1968 547 2002 finito
560 1994 571 2010 ,
590 1970 680 2002 nihil
707 1970 796 2003 mihi
816 1978 977 2016 superest

325 2020 371 2054 de
381 2020 502 2055 reditu
513 2047 524 2062 ‚
539 2034 612 2068 quo
622 2023 708 2056 huic
718 2023 830 2056 amico
843 2023 976 2069 possim

325 2075 508 2121 opitulari.
524 2076 579 2109 En
592 2101 602 2117 ‚
619 2076 762 2109 sibimet
780 2076 977 2122 respondet

324 2126 469 2161 Persius
481 2153 492 2170 ‚
506 2129 729 2162 occasionem
743 2129 898 2162 oblatam
914 2129 974 2161 be-

323 2178 528 2216 nefaciendi
547 2210 557 2222 ,
589 2182 643 2216 καὶ
674 2186 731 2216 τοῦ
768 2185 942 2229 εὐεργετεῖν
962 2207 972 2223 ,

314 2235 441 2279 frange
456 2237 587 2278 aliquid
597 2237 637 2268 de
651 2237 768 2279 cespite
777 2237 864 2268 vivo.
880 2234 974 2276 Qui-

325 2285 409 2320 dam
427 2287 488 2320 hic
507 2285 689 2334 dialogum
712 2288 808 2321 inter
826 2300 974 2322 avarum

323 2348 360 2374 et
375 2339 538 2374 Persium
554 2341 694 2375 institui
705 2341 835 2375 volunt
847 2366 858 2382 ‚
873 2341 975 2387 quasi

324 2406 451 2428 avarus
469 2393 513 2428 ad
529 2395 605 2428 haec
617 2420 628 2436 ,
649 2407 730 2442 quae
749 2403 850 2428 antea
867 2398 975 2441 poeta

324 2447 370 2481 de
398 2448 539 2482 liberali
568 2461 682 2495 opum
713 2461 780 2482 usu
814 2447 974 2490 dixerat,

323 2502 506 2536 avaritiam
519 2515 620 2536 suam
635 2504 703 2536 sub
717 2502 836 2549 specie
848 2503 974 2536 huma-

322 2556 445 2591 nitatis
455 2556 676 2603 praetexendi
691 2559 814 2599 causa,
826 2556 977 2604 objecis-

323 2689 391 2712 vet.
414 2683 621 2723 Britannici,
647 2690 680 2715 et
703 2683 880 2715 nonnullae
909 2682 988 2714 edit.

323 2735 407 2765 male
421 2757 429 2775 ‚
449 2743 545 2766 certe.

1034 753 1087 779 set
1097 758 1105 778 :
1118 755 1169 778 ase
1178 759 1229 779 me
1239 756 1343 779 vocat
1352 747 1508 793 officium,
1521 756 1579 779 etc.
1590 746 1681 788 Quae

1034 799 1183 833 minime
1209 800 1403 834 necessaria
1430 809 1483 834 est
1507 799 1574 834 ista
1596 812 1682 845 per·

1035 864 1205 886 sonarum
1228 853 1442 899 suppositio.
1463 853 1684 900 Simpliciter

1035 918 1120 952 ergo
1145 914 1181 939 et
1206 906 1446 952 objectionem
1466 912 1508 940 'et
1533 919 1683 952 respon-

1033 972 1113 993 sum
1125 960 1163 993 in
1177 972 1240 993 ore
1251 963 1369 1006 poetae
1381 961 1622 1008 reposuimus.
1638 962 1680 993 A.

1032 1033 1080 1039 —
1093 1015 1195 1045 Trabe
1213 1012 1319 1056 ruptd.
1340 1013 1519 1046 Describit
1538 1013 1683 1047 naufra-

1034 1066 1133 1112 gium
1143 1066 1179 1099 in
1195 1065 1288 1099 freto
1301 1065 1443 1099 Siciliae.
1453 1064 1552 1099 Nave
1561 1067 1682 1112 rupta,

1035 1121 1159 1167 inquit
1171 1144 1182 1162 ‚
1200 1120 1336 1154 amicus
1355 1119 1480 1166 inops,
1498 1127 1567 1153 etc.

1083 1186 1140 1220 28.
1158 1186 1294 1217 Prendit
1306 1183 1467 1230 (Bruttia
1481 1184 1584 1228 saxa)
1600 1185 1683 1216 ami-

1033 1251 1088 1271 cus
1103 1238 1216 1285 inops]
1237 1237 1290 1272 En
1306 1262 1317 1279 ‚
1333 1245 1416 1284 post
1430 1236 1659 1283 naufragium
1671 1261 1682 1278 ‚

1034 1292 1168 1326 amicus
1191 1292 1323 1338 inops3
1347 1299 1490 1325 enatans
1513 1290 1621 1324 evasit
1643 1290 1681 1322 in

1031 1345 1151 1378 littora
1169 1345 1391 1378 Brutiorum.
1410 1342 1583 1390 Virgilius
1593 1367 1604 1384 ‚
1616 1343 1684 1376 Ae·

1033 1397 1130 1431 neid.
1150 1398 1201 1431 VI
1211 1423 1222 1439 ‚
1238 1396 1283 1431 de
1297 1397 1468 1431 Palinuro
1482 1410 1492 1430 :

1033 1469 1291 1507 prensantemque
1310 1465 1398 1498 uncis
1418 1467 1561 1497 manibus
1583 1466 1683 1507 capita

1112 1515 1206 1544 ardua
1218 1514 1340 1544 montis.

1030 1598 1076 1604 ——-
1088 1580 1257 1621 Surdaque
1274 1588 1367 1610 vota.
1385 1578 1431 1612 Et
1450 1589 1535 1611 cum
1549 1576 1680 1622 opibus

1030 1631 1068 1665 in
1089 1644 1186 1665 mare
1204 1630 1369 1665 condidit
1386 1643 1446 1663 sua
1467 1638 1550 1664 vota
1569 1642 1588 1664 a
1603 1629 1681 1662 Diis

1030 1679 1162 1732 rejecfi
1179 1710 1190 1726 ‚
1217 1697 1293 1719 non
1324 1683 1493 1718 exaudita
1508 1708 1519 1725 ‚
1548 1682 1681 1729 quibus

1031 1739 1091 1772 Dii
1110 1737 1210 1772 surdi
1231 1738 1570 1772 suerunt.-10nio.
1588 1735 1682 1770 Sub-

1028 1791 1176 1826 auditur
1194 1791 1296 1825 mari.

1027 1880 1032 1885 -
1079 1868 1135 1900 29.
1148 1858 1191 1887 Ec
1199 1868 1264 1887 una
1275 1856 1416 1899 ingentes
1424 1855 1466 1887 de
1469 1865 1581 1897 ptqvpe
1590 1852 1687 1897 Dat]

1031 1909 1077 1942 Et
1089 1921 1174 1942 cum
1194 1920 1237 1942 eo
1251 1908 1371 1954 jacent
1387 1907 1446 1940 Dii
1466 1906 1566 1940 navis
1586 1913 1683 1939 tute-

1031 1962 1132 2002 lares,
1140 1961 1247 1995 ablati
1258 1959 1305 1994 de
1314 1971 1454 2006 puppe,
1464 1968 1565 2006 quos,
1571 1958 1682 1991 homo

1008 2039 1017 2044 -
1029 2016 1123 2062 pius,
1130 2028 1253 2049 secum
1262 2014 1358 2048 tulit.
1369 2014 1415 2047 Iu
1425 2011 1551 2059 puppe
1561 2019 1681 2045 autem

1029 2069 1222 2102 sacrarium
1252 2067 1364 2102 fuisse
1377 2092 1388 2109 ‚
1415 2078 1489 2112 quo
1519 2065 1683 2098 Deorum

1028 2122 1199 2168 imagines
1225 2130 1262 2155 et
1293 2121 1481 2155 simulacra
1505 2116 1682 2153 reconde-

1029 2183 1156 2209 rentur
1180 2176 1219 2208 in
1244 2174 1396 2208 tutelam
1420 2172 1545 2214 navis,
1562 2170 1683 2204 omni·

1027 2229 1096 2263 bus
1124 2236 1267 2262 notum.
1287 2229 1331 2262 A.

1076 2289 1133 2323 3ο.
1156 2293 1296 2332 Jamque
1321 2290 1416 2321 obvia
1442 2289 1576 2332 mergis,
1595 2288 1681 2330 eta}

1028 2343 1181 2387 Jamque
1201 2341 1302 2374 navis
1320 2339 1496 2374 diffracta
1509 2339 1605 2385 ligna
1617 2364 1628 2380 ‚
1644 2348 1681 2374 et

1029 2395 1146 2430 trabes
1160 2406 1270 2440 super
1283 2405 1380 2427 mare
1395 2392 1575 2427 fluitantia
1589 2417 1599 2433 ‚
1613 2392 1680 2425 ob-

1028 2449 1087 2483 via
1099 2449 1268 2482 feruntur
1281 2446 1426 2480 marinis
1439 2446 1566 2479 avibus
1579 2445 1624 2479 ad
1639 2458 1679 2479 ea

1029 2501 1277 2537 advolantibus
1289 2525 1301 2542 ‚
1329 2507 1369 2533 ut
1401 2495 1488 2532 inde
1521 2497 1681 2545 praedam

1030 2563 1186 2602 captent.

1014 2681 1215 2714 recentiores
1239 2680 1364 2713 habent
1387 2692 1426 2712 en
1447 2690 1511 2723 pro
1529 2686 1563 2711 ee
1571 2691 1587 2717 ;
1603 2688 1679 2719 ,non
