1846 3184
0 678 6 787 ἢ-ωψ-»ω-
0 574 9 664 -W
0 509 6 564 ,ψῃ
0 487 6 491 κ,
0 466 7 476 a
0 426 5 448 -ο
11 339 15 341 ‚

392 343 395 345 ,
447 287 536 331 An
581 281 932 330 sanclAE
977 280 1288 345 sumum
1451 297 1536 342 217

193 374 254 409 sd.
270 370 457 410 Seeundae
468 383 529 408 res
547 368 683 407 loetitid
698 375 953 404 transvorsum
970 365 1122 402 trudere
1137 365 1264 401 solent
1280 377 1307 400 a
1325 372 1425 403 recte
1442 378 1539 403 con-

196 437 357 474 sulendo
372 444 491 485 atque
510 433 767 482 iaoeuatgendo.
850 423 862 436 ⁸
1242 428 1247 433 ⁴

195 502 246 538 Et
262 499 404 538 deinde
420 506 574 550 postea:

248 567 375 614 Atque
391 564 503 600 haud
518 564 598 600 scio
606 589 622 608 ,
642 575 697 598 an
710 561 857 611 partim
881 572 1010 596 eorum
1018 559 1193 607 fuerint,
1213 558 1285 607 qui
1301 570 1380 594 non
1400 566 1542 596 nostroe

197 630 436 666 contumelia.-
458 629 581 665 causa
596 628 641 664 id
657 628 861 663 voluerunt
881 626 1027 661 evenire
1038 637 1053 668 ‚·
1076 623 1149 660 sed
1167 624 1271 659 enim
1298 630 1488 669 metuere,
1507 624 1545 660 si

198 706 311 730 nemo
325 700 424 730 esset
434 693 549 729 homo
562 704 675 741 quem
691 703 930 734 vereremur,
947 688 1132 738 quicquid
1144 686 1539 734 liberet,faceremus.

249 756 315 795 Ad
334 756 546 808 Sulpiciam
566 755 722 794 tandem
732 754 992 792 reveniamus.

197 864 238 892 v,
258 849 327 893 51.
356 844 1328 892 .........-...Namci1mdefendierarmis

346 913 506 955 Suadet
526 912 838 970 amor-patriae,
856 922 900 953 et
921 911 1087 970 captiva
1107 909 1340 952 Penatibus
1359 923 1492 962 uxor,

346 977 560 1019 Convenit
582 988 631 1018 ut
654 976 822 1034 vespis]

260 1054 441 1091 Convenit
457 1053 626 1103 pendere
646 1065 669 1089 a
689 1052 897 1088 Penatibus
913 1050 1090 1097 videtur,
1107 1058 1154 1088 ut
1175 1049 1279 1088 dicat
1298 1049 1448 1088 satirica
1471 1051 1548 1087 1²0-

204 1120 370 1164 natibus,
379 1118 454 1156 hoc
469 1126 547 1171 est,
560 1117 778 1156 cultoribus
788 1116 990 1154 Penatium
1001 1123 1041 1154 et
1052 1115 1261 1154 domorum
1273 1114 1389 1153 Urbis
1400 1113 1548 1159 statim,

204 1183 274 1219 ubi
292 1182 389 1234 quid
408 1183 558 1220 adversi
579 1190 759 1219 coortum
777 1189 858 1227 est,
878 1180 1084 1219 convenire
1101 1180 1203 1217 inter
1218 1192 1260 1217 se
1279 1178 1524 1217 concorditer
1536 1206 1547 1224 ‚

204 1260 366 1298 unoque
384 1249 514 1285 animo
533 1248 573 1284 in
591 1246 743 1284 hostem
761 1259 921 1297 pergere
938 1244 1115 1296 quamvis
1132 1243 1405 1282 inimicissimis
1423 1252 1548 1281 antea.

207 1312 426 1363 Caeteroqui
433 1339 444 1358 ‚
458 1322 631 1363 quonam
643 1312 818 1348 convenit
832 1309 938 1347 istud
948 1309 1026 1347 alio
1037 1309 1171 1347 referri
1182 1309 1322 1359 possit,
1333 1322 1414 1346 non
1421 1308 1549 1347 video.

207 1418 247 1446 v.
271 1404 338 1448 55.
359 1407 437 1447 Ast
452 1405 530 1447 ubi
548 1419 647 1463 apes
665 1419 813 1447 secura
826 1385 940 1445 redit
957 1402 1090 1445 oblita
1106 1402 1303 1444 favorum
1314 1434 1326 1455 ‚

355 1469 508 1523 Plebs,
521 1470 738 1527 fraterque
755 1483 844 1510 una
860 1482 1013 1510 somno
1031 1467 1278 1509 moriuntur
1296 1466 1461 1524 obeso.]

261 1556 367 1603 Quid
391 1565 450 1595 est
473 1557 615 1594 frater?
634 1557 764 1595 nescio
789 1555 992 1608 equidem,
1020 1565 1142 1605 neque
1171 1568 1240 1604 ego
1265 1556 1371 1591 istud
1389 1554 1549 1590 verbum

209 1686 402 1737 scripserit
430 1685 609 1738 Sulpicia
636 1700 756 1736 apum
795 1686 872 1722 situ
907 1683 1224 1721 marcessentium
1257 1682 1557 1734 Rempublicam

210 1750 372 1788 concilia
392 1778 404 1796 ,
433 1750 631 1801 ducesque
662 1763 706 1786 ac
738 1749 878 1800 vulgus
892 1777 904 1794 ‚
934 1748 1084 1786 senatui
1115 1746 1343 1799 populoque
1375 1749 1555 1784 Romano

213 1813 337 1864 (quos
354 1813 515 1864 quidem
538 1814 688 1864 plebis,
708 1827 753 1851 ac
781 1821 938 1864 patrum
963 1812 1121 1851 nomine
1143 1811 1461 1863 comprehendit)
1474 1813 1556 1863 jam

212 1878 392 1915 marcido
409 1891 585 1929 prorsus,
604 1877 843 1928 incultaque>
853 1876 1018 1928 proinde
1036 1889 1081 1914 ac
1100 1873 1278 1914 socordia
1294 1876 1529 1927 torpescenti
1541 1905 1553 1923 ,

211 1942 409 1993 aptissima
426 1943 562 1994 utique
581 1942 834 1979 similitudine
850 1954 1091 1993 componens
1104 1954 1149 1978 ac
1166 1940 1499 1979 circumscribens.

212 2045 242 2071 v
282 2029 352 2072 58.
383 2031 486 2073 Haec
513 2031 668 2074 fabella
693 2029 825 2074 modo
848 2045 1024 2090 pausam
1044 2030 1189 2088 facit.]

214 2111 352 2164 Malim
369 2114 500 2164 potius
514 2127 538 2170 ;μ

449 2192 521 2222 Hoc
538 2190 655 2222 fabella
672 2191 791 2230 modo,
808 2198 871 2223 etc.

212 2273 253 2301 v.
273 2258 343 2302 62.
370 2291 384 2315 ·.
400 2291 703 2302 ...........
721 2261 909 2302 Tantum
928 2262 1125 2302 Romana
1144 2260 1323 2300 Calenos

366 2325 549 2377 Moenia,
565 2325 778 2381 jucundos
801 2326 1045 2383 pariterque
1064 2325 1234 2365 adverte
1253 2322 1469 2379 Sabinos.]

267 2417 563 2455 Emendandum
602 2420 769 2463 Caleno,
799 2418 892 2454 item
921 2425 1045 2452 avene
1072 2416 1234 2452 Sabinos
1247 2443 1261 2460 ,
1285 2427 1365 2452 non
1389 2415 1558 2452 adverte.

219 2480 351 2518 Unum
374 2482 477 2520 enim
499 2483 576 2520 hoc
600 2482 829 2532 deprecatur
851 2480 1043 2531 Sulpicia,
1064 2493 1113 2516 ne
1139 2478 1296 2530 conjugi
1320 2492 1392 2517 suo
1411 2479 1461 2529 (a
1479 2492 1561 2531 quo

222 2543 422 2582 tenen-ime
452 2546 572 2584 amari
607 2558 710 2591 sese,
737 2545 957 2582 certissimis
986 2543 1259 2593 experimentis
1288 2544 1488 2595 cognitum
1516 2557 1562 2581 ac

220 2607 418 2657 provisum
440 2610 629 2660 habebat)
651 2611 691 2647 iu
716 2617 819 2647 tanta
842 2608 1083 2658 Reipublicae
1107 2607 1420 2658 perturbatione,
1438 2608 1562 2646 Musis

221 2671 387 2717 scilicet,
404 2685 495 2715 cum
513 2675 618 2712 omni
637 2673 929 2725 disciplinarum
948 2681 1049 2711 coetu
1062 2701 1072 2719 ‚
1091 2672 1419 2724 importunissima
1432 2681 1562 2724 tyran—
