1846 3184
248 313 305 355 86

597 312 650 353 A.
686 311 929 354 PERSII
968 311 1222 353 FLACCI

305 394 451 436 Dicat:
470 393 589 451 quod
605 393 701 435 satis
719 404 781 435 est
794 425 805 446 ‚
821 394 937 450 sapio
955 393 1083 434 mihi:
1103 408 1190 435 non
1207 407 1286 451 ego
1302 407 1406 434 curo

307 471 407 512 Esse
426 469 545 527 quod
565 469 796 522 Arcesilas,
815 466 1130 526 aerumnosique
1148 469 1346 521 Solones,

307 547 488 604 Obstipo
507 546 645 604 capite
656 578 669 598 ,
686 556 728 587 et
748 545 923 604 figentes
941 546 1104 587 lumine
1121 556 1275 587 terram
1290 577 1302 599 ,

306 623 534 665 Murmura
554 625 654 666 cum
676 637 816 664 secum
829 653 841 674 ‚
860 632 902 663 et
918 621 1086 664 rabiosa
1105 622 1273 663 silentia
1290 621 1450 664 rodunt
1463 653 1476 674 ,

253 764 268 778 α
284 755 375 791 urget
385 748 511 778 morbus
520 758 530 776 :
547 745 664 788 inspice
674 769 685 782 ,
697 745 746 776 ait
758 745 890 776 medico.

254 817 268 830 ι
285 801 425 831 Medicus
448 800 585 841 quietem
603 798 763 840 praecipit.
788 795 892 829 Τενιίἆ

255 867 269 883 ο
286 863 394 885 tamen
408 861 517 890 nocte,
531 853 602 883 ciam
611 852 685 894 jam
691 850 797 892 febris
803 862 891 892 pau-

256 922 270 935 ι
286 906 384 938 Iulum
400 905 546 942 cesavit,
564 912 719 946 aegrotus,
734 903 894 934 resistente

254 975 269 988 «
285 958 407 991 medico
415 982 425 996 ,
434 958 536 1000 poscit
547 957 662 988 vinum
670 980 681 994 ,
691 957 717 987 ic
727 957 866 987 lavatum
876 968 890 992 ,·

255 1028 270 1041 ι
283 1013 347 1044 sibi
366 1012 505 1053 denique
532 1022 628 1042 sanus
652 1010 728 1041 satis
751 1010 891 1040 videtur.

255 1080 269 1094 ι
287 1064 374 1105 Quid
392 1064 523 1106 plura?
546 1063 629 1093 Inde
657 1070 793 1099 mortes,
820 1061 894 1092 inde

255 1116 413 1160 nfimera.
424 1131 437 1144 n
454 1118 557 1153 Itane,
571 1114 701 1160 repetit
716 1113 895 1155 centurio,

253 1171 339 1202 male
349 1181 444 1200 sanus
456 1177 488 1199 ec
501 1180 585 1212 teger
595 1180 662 1199 sum
672 1173 688 1199 ‚³
700 1169 840 1209 Ideo‘que
846 1192 858 1206 ,
872 1168 900 1198 si

254 1233 319 1256 tuae
331 1223 578 1265 comparationis
587 1231 722 1253 mentem
735 1222 814 1263 cepi,
823 1222 900 1252 stul·

254 1286 302 1308 tus
309 1276 495 1307 etvitiosus?
501 1277 604 1318 Tange
612 1263 842 1306 miservenass..
847 1274 900 1305 Nil

254 1327 428 1362 caletlu‘c...
443 1345 456 1357 α
468 1331 567 1366 Certe,
575 1327 768 1373 respondet
778 1330 896 1373 poeta,

258 1399 272 1412 ιι
289 1395 375 1413 nunc
397 1382 498 1419 nihil,
512 1382 684 1412 admodum
703 1382 805 1418 nihi&
824 1382 898 1418 sed,

257 1451 272 1464 ι
287 1435 338 1466 dfe
359 1434 440 1466 milli
451 1457 462 1471 ,
483 1435 590 1470 sodes,
608 1435 683 1465 visa
705 1443 751 1464 est
765 1435 793 1464 si
803 1432 896 1475 forte

257 1504 272 1517 ι
283 1488 423 1530 pecunia
437 1499 451 1524 ;
477 1487 506 1518 si
531 1487 590 1518 tibi
618 1488 758 1518 candida
793 1487 899 1518 vicini

257 1557 272 1570 ι
287 1540 415 1573 subrisit
426 1540 547 1581 puella.
559 1563 566 1571 .
579 1563 587 1571 .
599 1563 606 1571 .
625 1552 681 1571 cor
703 1540 760 1570 tibi
773 1540 833 1570 rite
845 1552 897 1571 sa-

257 1609 272 1622 «
288 1594 349 1625 Iit?
368 1593 476 1623 Tibine
490 1601 523 1623 et
531 1593 591 1623 cuis
603 1593 829 1634 cupiditatibus
841 1593 898 1623 im-

258 1662 273 1675 «
283 1649 403 1688 peras?
415 1644 544 1676 minime
553 1653 646 1675 certe.
655 1668 662 1675 .
671 1668 678 1674 .
688 1668 695 1675 .
709 1646 791 1688 Ergo
804 1657 899 1676 sanus

259 1715 273 1728 «
290 1711 355 1730 non
380 1709 421 1728 es.
447 1698 534 1728 Dicis
545 1696 699 1740 facisque
723 1698 813 1739 quod
835 1698 899 1739 ipse

258 1767 273 1780 «ι
289 1763 357 1793 ιιοη,
373 1750 446 1781 sani
463 1762 526 1781 esse
549 1740 703 1787 hominis,
720 1762 785 1781 non
803 1762 899 1781 sanus

259 1819 274 1832 ι
282 1805 375 1848 juret
394 1805 528 1834 Orestes,
545 1804 662 1834 Desine
680 1804 809 1834 tandem
829 1815 899 1834 nos-

258 1872 274 1886 ι
290 1865 374 1888 tram
389 1856 626 1898 philosophiam
634 1892 638 1897 ·
640 1857 877 1899 floccipendere
887 1880 899 1893 ‚

260 1925 275 1939 ι
290 1921 366 1951 quse
385 1910 453 1939 sola
465 1907 589 1950 fortem
600 1933 611 1946 ,
630 1911 766 1941 liberum
777 1934 787 1947 ,
803 1918 902 1951 atque

259 1977 274 1991 u
287 1962 385 1993 etiam
408 1973 515 2002 regem
537 1961 697 1992 hominem
719 1970 752 1992 et
771 1963 855 1992 velit
873 1970 906 1993 ec

260 2015 387 2058 «possit
408 2013 536 2059 ffcere
560 2026 573 2045 :

261 2083 276 2096 ιι
292 2068 474 2098 adolescens
495 2067 604 2108 accipe
617 2090 628 2104 ‚
651 2075 684 2098 ec
701 2070 816 2110 surge!
830 2082 843 2095 ι
861 2067 901 2098 Α.

257 2139 305 2146 --
318 2122 369 2152 De
391 2127 487 2163 gente
514 2119 639 2151 hircosa
665 2121 899 2153 centurionum.

257 2172 522 2207 Centurionum
569 2174 726 2205 hircosam
773 2182 901 2216 gentem

257 2227 363 2271 (quae
384 2224 526 2258 hircum
542 2225 637 2269 olet)
657 2225 818 2258 nominat
829 2250 839 2266 ,
859 2225 901 2257 il-

256 2279 393 2313 luviem
411 2290 537 2313 eorum
562 2287 597 2312 et
621 2275 809 2324 δυσχέρειαν
833 2290 899 2312 no-

257 2340 336 2364 tans
348 2355 359 2372 ,
380 2334 450 2376 qua
467 2330 537 2364 viri
559 2331 668 2364 sortes
692 2329 805 2364 videri
824 2330 902 2364 vel-

258 2384 344 2418 lent.
372 2384 424 2417 De
453 2384 508 2417 his
520 2409 531 2425 ‚
553 2383 644 2418 vide.
662 2383 874 2418 Juvenalem
889 2407 900 2425 ,

259 2445 324 2470 sat.
344 2437 448 2477 XIV,
462 2450 499 2470 v.
519 2439 598 2481 194.
617 2435 657 2469 C.

307 2490 365 2535 78.
397 2491 493 2532 Quod
508 2491 586 2522 satis
605 2498 670 2528 est,
689 2490 779 2533 sapio
800 2490 903 2533 mma]

608 2017 652 2045 Tu
682 2026 811 2056 quoque
833 2014 903 2045 lzoec

942 744 1110 778 Exoticos
1123 756 1256 785 mores,
1269 752 1304 778 et
1320 744 1591 778 transmarinam

943 797 1150 843 sapientiam
1164 809 1308 842 respuo.
1327 797 1413 830 Cive
1428 797 1591 829 Romano

943 862 1048 884 nemo
1062 850 1150 884 vivit
1164 850 1202 883 in
1220 849 1306 883 orbe
1319 849 1460 882 melius.
1477 847 1520 882 C.

993 915 1048 948 79.
1070 904 1258 946 Arcesila]
1281 901 1461 934 Crantoris
1487 899 1592 934 disci·

944 957 1052 1002 pulus
1077 965 1113 989 et
1133 954 1358 989 Academiam
1379 954 1593 994 celebravit,

945 1017 981 1043 et
1004 1016 1130 1042 contra
1153 1009 1334 1041 Zenonem
1358 1006 1405 1041 de
1424 1007 1593 1040 omnihus

949 1053 1190 1095 dubitandum
1207 1059 1409 1094 affirmavit.
1424 1060 1476 1093 M.
1491 1059 1592 1093 Tull.

949 1115 984 1148 in
1009 1114 1146 1156 Quaest.
1168 1112 1596 1155 Acad.—Aerumnosique

950 1169 1086 1199 Solones.
1096 1167 1242 1200 Solones
1255 1165 1293 1198 in
1302 1164 1431 1212 plurali
1440 1170 1595 1198 numero

950 1233 1018 1266 pro
1030 1219 1248 1266 sapientibus
1261 1217 1392 1264 posuit.
1401 1221 1594 1250 -Aerum-

952 1287 1042 1307 ncsos
1059 1285 1117 1307 eos
1134 1282 1236 1308 vocat
1252 1279 1402 1319 propter
1419 1269 1597 1305 indefessa

953 1326 1067 1361 studia
1091 1339 1239 1367 eorum,
1263 1334 1299 1359 et
1320 1322 1458 1372 vigilias
1480 1318 1596 1358 conti-

951 1394 1052 1414 nuas.
1065 1380 1092 1414 C
1122 1389 1157 1414 et
1172 1381 1210 1413 P.

995 1434 1049 1467 80.
1080 1435 1208 1476 Obstipo
1231 1433 1359 1478 capita]
1384 1431 1429 1466 Id
1453 1439 1525 1474 est,
1544 1431 1595 1465 ri-

949 1486 1032 1533 gido
1046 1486 1138 1519 collo
1154 1495 1188 1519 et
1203 1486 1339 1520 cervice
1348 1511 1360 1525 ,
1372 1486 1460 1520 etin
1470 1485 1599 1519 hume-

949 1552 1032 1572 rum
1043 1539 1156 1584 capite
1167 1538 1350 1579 inclinato,
1360 1536 1460 1584 qnod
1468 1535 1598 1571 attenti

951 1602 986 1626 et
1003 1591 1235 1638 cogitabundi
1255 1592 1397 1637 signum
1414 1599 1478 1624 est.
1491 1590 1595 1624 Suet.

950 1646 987 1678 in
1010 1645 1129 1678 Tiber.
1150 1647 1324 1677 Incedebat
1343 1645 1463 1677 cervice
1487 1642 1597 1688 rigida

951 1708 983 1731 et
995 1697 1127 1741 obscipd.
1138 1719 1184 1723 —
1193 1699 1379 1742 Etfigenees
1395 1698 1514 1730 lumine
1531 1706 1595 1729 ter-

951 1765 1031 1784 ram.
1055 1751 1187 1785 Oculos
1213 1750 1400 1784 demittere
1426 1748 1597 1784 modestae

954 1817 993 1837 ac
1019 1803 1186 1837 studiosae
1212 1801 1409 1849 juventutis
1439 1802 1596 1848 signum.

955 1857 1009 1889 Ita
1019 1857 1114 1890 enim
1123 1868 1141 1889 a
1152 1854 1349 1902 paedagogis
1361 1853 1599 1890 institueban-

956 1919 1026 1943 tur.
1041 1910 1138 1943 Plut.
1153 1911 1233 1948 Τοὺς
1247 1906 1374 1947 παῖδας
1385 1905 1598 1945 &tholoneum

957 1964 985 1997 οἱ
1019 1961 1230 2008 παιδαγωγοὶ
1260 1962 1437 2007 κεκυφότας
1465 1962 1495 1995 ἐν
1526 1961 1600 1999 ταῖς

956 2013 1043 2055 ὁδοῖς
1073 2017 1276 2061 περιπατεῖν.
1306 2013 1399 2047 Inde
1429 2012 1527 2047 docti
1553 2024 1600 2055 ex

955 2068 1020 2100 hac
1034 2065 1294 2100 consuetudine
1309 2065 1352 2099 ab
1370 2065 1522 2109 infantia
1533 2076 1598 2110 pe-

955 2132 1000 2153 ne
1023 2127 1222 2160 contracta,
1243 2128 1278 2153 et
1299 2130 1344 2152 ex
1365 2116 1599 2151 meditatione

953 2180 1123 2218 perpetua
1135 2180 1240 2217 atque
1252 2171 1373 2212 extasi,
1381 2170 1503 2204 oculos
1513 2168 1600 2215 deji-

954 2225 1068 2266 ciunt,
1078 2232 1112 2257 et
1125 2232 1248 2257 tenent
1259 2224 1435 2262 immotos,
1443 2221 1598 2268 ideoque

954 2276 1129 2310 dicuntur
1146 2285 1275 2310 terram
1289 2275 1446 2310 cernere.
1463 2275 1503 2309 C.
1512 2283 1547 2309 et
1557 2275 1598 2308 L.

1001 2331 1058 2364 81.
1078 2333 1247 2362 Murlnllra
1264 2332 1334 2362 01'1111
1351 2342 1463 2362 secum·
1473 2353 1483 2361 ο
1493 2353 1502 2361 0
1514 2353 1522 2361 ο
1545 2341 1599 2361 ΤΟ·

953 2385 1046 2416 dunt.
1065 2385 1078 2427 ]
1103 2382 1211 2416 Multi
1234 2382 1326 2416 inter
1351 2379 1600 2415 meditandum

954 2448 1138 2481 murmure
1148 2435 1397 2481 cogitationem
1405 2434 1537 2481 agitare
1546 2446 1601 2468 so-

953 2489 1049 2531 lent,
1066 2498 1106 2524 nt
1121 2488 1171 2523 ait
1184 2488 1310 2531 Quint.
1323 2487 1389 2522 lib.
1404 2487 1458 2530 X,
1472 2499 1548 2533 cap.
1562 2486 1599 2531 3,

306 2603 350 2631 V.
366 2603 420 2640 78.
439 2602 534 2642 Quod
544 2601 620 2633 satis
634 2609 699 2639 est,
712 2602 802 2643 sapio
814 2600 903 2632 mihi.
916 2603 966 2632 Ita
981 2612 1094 2632 omnes
1108 2601 1216 2632 nostri
1227 2601 1323 2632 codd.
1337 2607 1369 2632 et
1387 2600 1477 2632 editt.
1488 2599 1604 2642 priscae

259 2663 340 2695 quas
357 2654 518 2684 consului.
531 2656 580 2684 Ita
599 2664 732 2695 quoque
752 2654 827 2684 cod.
846 2661 967 2685 noster.
985 2653 1214 2685 Recentiores:
1231 2653 1321 2696 quod
1338 2653 1450 2696 sapio,
1466 2653 1543 2684 sacis
1560 2659 1607 2684 est

260 2704 348 2736 mihi.
365 2707 550 2747 Utrumque
571 2705 668 2736 bene.

305 2759 347 2789 V.
366 2768 420 2798 79.
436 2759 573 2790 Solones.
591 2759 692 2791 Multi
709 2758 808 2791 codd.
822 2759 948 2791 habent
964 2759 1100 2790 saloues.
