1846 3184
296 291 356 334 ³12

651 290 703 333 A.
736 290 984 334 PERSII
1019 275 1274 336 'FLAcct

357 373 541 432 Castiges
558 374 739 427 trutina,
759 389 837 416 nec
860 386 900 417 te
922 375 1160 432 quaesiveris
1182 387 1311 417 extra.

357 449 468 492 Nam
488 450 632 492 Romae
649 451 742 508 quis
760 466 847 493 non
863 451 957 494 Ρ...
979 467 1048 505 ac,
1067 453 1102 494 si
1120 452 1181 494 fas
1200 452 1360 494 dicere!
1379 452 1451 494 sed
1469 452 1530 494 fas

358 526 505 578 Tunc,
526 528 625 567 cum
644 525 698 567 ad
714 527 912 568 canitiem
925 559 936 581 ,
954 539 995 569 et
1014 539 1205 570 nostrum
1225 528 1340 570 istud
1357 528 1498 570 vivere
1515 528 1634 570 triste

302 661 348 667 ·-—
359 643 541 674 Examenve
568 643 759 684 improbum.
787 642 942 676 Examen

302 704 352 729 est
366 695 513 728 bilancis
526 695 638 735 hasta,
653 694 754 729 filum
765 720 774 736 ‚
786 695 921 742 lingula
932 721 942 738 ‚

303 750 374 793 qua
399 757 513 782 stante
523 772 532 788 ‚
549 748 586 781 in
613 756 779 782 neutram
804 758 943 794 partem

304 809 472 847 vergente
484 826 494 843 ,
518 810 553 836 et
583 802 649 836 sub
679 815 759 835 ansa
788 802 920 836 latente
931 826 942 844 ,

303 854 551 900 aequilibrium
565 855 803 900 cognoscitur.
829 854 871 887 C.

351 918 382 951 7.
396 908 533 950 Casciges
545 909 676 939 trutina.
678 906 851 950 ]Trutina
864 919 946 952 pro-

302 958 382 1018 prie
411 958 504 1009 illud
535 961 694 993 foramen
726 958 922 1005 oblongum
936 985 946 1001 ‚

302 1012 397 1046 intra
420 1011 518 1058 quod
540 1013 655 1059 vergit
682 1012 839 1058 lingula,
859 1020 894 1045 et
912 1012 950 1046 in

305 1077 380 1111 quo
407 1065 582 1098 foramine
609 1077 708 1111 aequa
735 1065 948 1099 examinatio

304 1117 547 1163 cognoscitur.
585 1116 654 1150 Hic
689 1118 846 1151 sumitur
880 1130 948 1164 pro

305 1177 379 1203 tota
391 1169 540 1202 bilance.
555 1168 632 1202 Hoc
643 1169 738 1210 loct),
750 1170 949 1204 Casauboni

303 1222 480 1256 sententia
493 1222 635 1255 silentio
646 1235 719 1255 non
735 1223 949 1268 praetermit-

305 1273 415 1308 tenda
427 1299 437 1315 ,
455 1287 535 1320 quae
550 1274 599 1307 sic
616 1287 652 1307 se
666 1275 772 1308 habet
789 1288 797 1308 ε
817 1291 831 1304 ι
848 1274 948 1317 Quid

309 1343 323 1356 α
339 1327 384 1360 sit
397 1328 563 1373 castigare
576 1327 763 1373 zygostatis
773 1353 782 1369 ‚
794 1327 949 1361 declarat

311 1395 325 1408 ι
342 1379 518 1425 interpres
527 1379 698 1424 antiquus
711 1391 719 1411 ε
735 1382 894 1424 castcgare
907 1389 954 1412 est

309 1448 325 1465 ι,
340 1433 441 1476 digito
468 1434 585 1465 libram
602 1442 791 1475 percutere,
813 1443 850 1465 ut
873 1443 949 1465 tem-

310 1495 469 1529 «peretur
481 1511 491 1524 ,
517 1496 551 1518 et
569 1499 645 1529 μναῖ,
675 1488 853 1530 agitatione
877 1495 953 1529 post

310 1555 324 1568 ι
340 1550 471 1581 aequum
495 1541 762 1582 conquiescat....
783 1539 953 1584 Suspicor

311 1608 325 1622 «
341 1600 458 1625 tamen
469 1601 628 1626 veterem
638 1592 742 1625 illum
751 1592 953 1638 grammati-

312 1662 326 1674 ιι
342 1656 425 1678 cum
439 1645 618 1691 scripsisse
627 1658 819 1688 percurrere
828 1657 839 1677 .-
853 1643 955 1690 quod

314 1714 328 1727 n
343 1697 491 1743 proprie
503 1697 625 1731 locum
635 1698 741 1731 habet
754 1698 791 1731 in
802 1706 930 1731 statera
942 1722 952 1739 ‚

314 1767 327 1780 ιι
345 1763 423 1796 quae
436 1762 582 1797 scapum
599 1751 706 1784 hahet
724 1751 870 1797 punctis
884 1749 955 1784 dis-

314 1819 327 1832 «
343 1803 511 1836 tinctum.
526 1802 618 1844 HAc,
638 1805 722 1837 cum
735 1803 873 1850 aliquid
891 1815 955 1849 ap-

313 1871 327 1884 a
342 1854 553 1900 pendimus,
570 1855 679 1889 altera
706 1867 815 1889 manu
841 1855 955 1901 aequi·

313 1926 327 1938 «ι
341 1907 521 1954 pondium
535 1922 599 1955 per
611 1922 757 1955 scapum
772 1909 956 1950 ducimus,

315 1978 330 1992 ι
345 1973 503 2007 eumque
529 1960 666 1994 tamdiu
686 1961 932 2007 percurrimus
945 1985 955 2001 ‚

314 2029 328 2042 ι
344 2014 461 2048 donec
481 2016 619 2048 steterit
639 2027 789 2048 examen
812 2015 956 2056 ἀκ).ινές;

315 2083 332 2097 ι
349 2066 448 2114 quod
463 2068 582 2102 Latini
599 2067 727 2102 dicunt
739 2094 748 2111 ,
764 2080 958 2111 compescere

318 2136 333 2150 ι
347 2132 485 2153 examen
510 2130 596 2153 certo
612 2131 747 2164 puncto.
771 2120 815 2154 Id
832 2121 959 2154 Vitru-

315 2189 331 2203 ι
345 2172 425 2207 vius
445 2173 494 2207 sic
516 2174 684 2217 expressit
706 2186 714 2206 ε
743 2175 960 2216 aequilibrium

317 2242 331 2256 ι
347 2227 381 2258 in
392 2228 529 2259 alteram
534 2236 663 2269 partem
675 2229 765 2269 scapi
770 2240 834 2269 per
836 2235 961 2269 puncta

317 2296 331 2309 ι
346 2281 496 2324 vagari:
517 2279 600 2312 libr.
620 2280 654 2313 X
666 2304 676 2321 ‚
698 2291 773 2326 cap.
796 2280 827 2313 8.
845 2279 962 2313 Etiam

317 2348 332 2362 α
347 2332 532 2379 sequentia
539 2332 864 2378 verbainterpretis
873 2332 962 2365 mira

319 2402 333 2414 ι
348 2397 412 2418 sun
419 2393 446 2418 t:
456 2395 563 2428 etprae
569 2387 746 2429 agitatione
749 2395 825 2429 post
830 2398 960 2429 oequum

319 2453 334 2467 ι
349 2439 564 2480 conquiescat.
575 2438 652 2471 Hoc
661 2438 741 2472 vult
754 2450 762 2470 ε
775 2450 848 2471 non
860 2437 961 2484 prius

320 2506 334 2520 κ
348 2491 471 2537 agitari
495 2491 680 2533 desinere,
699 2494 807 2538 quam
833 2492 870 2525 in
895 2503 961 2525 suo

320 2557 334 2572 ι
348 2552 486 2588 puncto
514 2557 651 2587 sacoma
679 2545 790 2579 fuerit
812 2544 963 2579 colloca-

998 659 1012 672 «
1029 650 1119 676 tum.
1145 643 1198 677 Ita
1221 642 1367 677 demum
1393 652 1532 690 aequato
1557 655 1638 677 exa-

999 711 1012 724 «
1028 695 1124 728 mine
1144 695 1296 741 quiescit
1318 696 1422 729 libra.
1441 711 1455 724 ι
1467 716 1513 721 -—
1525 697 1592 728 Nec
1609 704 1639 727 te

997 751 1175 791 quaesiveris
1196 759 1301 781 extra.
1322 748 1420 783 Illud
1442 757 1494 782 est
1507 773 1517 789 ‚
1537 747 1639 795 quod

995 801 1097 835 stoici
1116 799 1281 835 dicebant
1297 825 1307 842 ‚
1325 813 1398 834 non
1414 799 1544 834 debere
1564 808 1640 833 stu-

996 853 1137 888 diosum
1153 854 1298 890 virtutis
1316 863 1411 888 extra
1432 867 1468 888 se
1490 865 1640 888 conver-

997 915 1073 940 tere
1084 931 1094 947 ‚
1112 913 1154 940 ut
1173 906 1248 940 aliis
1265 906 1400 952 placeat
1417 920 1426 940 ι
1443 906 1524 940 satis
1544 906 1640 939 enim

998 958 1051 992 illi
1077 971 1149 992 esse
1165 983 1176 1000 ,
1201 959 1231 992 si
1256 967 1461 1004 praestaret,
1483 967 1526 992 ut
1551 967 1643 992 esset

1004 1011 1105 1058 quod
1120 1011 1286 1058 cupiebat
1297 1035 1306 1051 ‚
1318 1011 1432 1045 videri
1442 1020 1562 1046 autem
1572 1011 1643 1045 vel-

1003 1059 1059 1106 le',
1075 1065 1107 1098 ei
1122 1063 1324 1098 curandum
1338 1078 1412 1100 non
1432 1077 1527 1099 esse:
1542 1066 1577 1098 οὐ
1591 1062 1645 1099 δεῖ

1003 1117 1061 1158 ἔξω
1074 1120 1232 1164 ςροιφῆναι
1248 1118 1325 1163 πρὸς
1339 1119 1376 1152 τὸ
1392 1118 1559 1160 βούλεσθαι
1574 1118 1646 1163 ἀρέ-

1002 1184 1058 1204 σαι
1072 1171 1159 1210 rivi:
1179 1169 1334 1215 Epictet.
1355 1169 1541 1204 Euchirid.
1555 1170 1643 1204 Sena

1003 1223 1112 1257 tentia
1138 1231 1258 1256 autem
1285 1235 1390 1258 aurea
1418 1225 1523 1270 juxta
1552 1221 1646 1256 illud

1002 1275 1186 1322 delapsum
1207 1288 1226 1309 e
1251 1277 1338 1310 coelo
1365 1279 1466 1310 Γνῶθι
1490 1276 1648 1316 σεαυτόν,

1004 1340 1111 1373 quam
1120 1328 1168 1361 sic
1177 1329 1336 1362 imitatus
1344 1337 1466 1362 noster
1472 1328 1646 1362 satiricus:

1004 1387 1092 1415 Nous
1105 1386 1274 1415 chen-chous
1285 1386 1357 1417 hors
1370 1386 1408 1416 de
1420 1396 1500 1415 nous
1511 1396 1568 1415 nos
1577 1395 1646 1415 ver-

1084 1439 1133 1462 tus
1146 1439 1176 1462 et
1187 1443 1243 1462 nos
1255 1433 1348 1463 vices.

1051 1487 1085 1520 8.
1113 1488 1197 1519 Nam
1227 1489 1336 1519 Romae
1362 1487 1432 1528 quis
1463 1491 1554 1518 non?
1568 1510 1575 1518 .
1592 1510 1600 1518 .
1616 1488 1649 1529 .]

1005 1535 1250 1580 Ᾱποσιώπησις.
1261 1539 1352 1581 Quis
1360 1539 1481 1573 Romae
1493 1551 1567 1572 non
1582 1546 1650 1580 est,

1007 1604 1137 1638 nempe
1158 1591 1320 1637 corrupti
1333 1590 1462 1637 judicii
1475 1615 1486 1631 ‚
1501 1599 1535 1624 et
1553 1589 1649 1624 indi-

1007 1656 1099 1690 gnus
1137 1645 1240 1688 cujus
1274 1644 1451 1677 rationem
1487 1642 1615 1676 habeas
1640 1667 1651 1684 ‚

1007 1696 1143 1743 quippe
1161 1695 1299 1730 deliciis
1324 1704 1359 1729 et
1382 1695 1473 1729 luxu
1491 1694 1648 1742 perditi,

1005 1749 1150 1791 virtutis
1180 1761 1302 1783 osores
1317 1774 1328 1790 ‚
1354 1756 1390 1782 et
1420 1749 1650 1782 honestarum

1006 1802 1139 1836 artium
1151 1827 1162 1844 ,
1177 1814 1285 1848 quos,
1299 1802 1327 1835 si
1340 1814 1359 1835 a
1371 1801 1536 1848 principe
1549 1812 1652 1834 orsus

1006 1854 1163 1900 singulos
1184 1852 1407 1895 consideres,
1429 1865 1551 1886 omnes
1573 1864 1653 1901 pes-

1008 1907 1137 1949 simos,
1160 1907 1365 1953 imperitos,
1389 1918 1514 1941 omnes
1538 1905 1654 1939 asinos

1009 1959 1169 1994 invenies
1182 1985 1192 2001 ‚
1213 1967 1277 1993 etc.
1298 1959 1377 1993 Hoc
1402 1958 1499 1992 enim
1517 1960 1579 1991 sua
1597 1969 1652 1991 re-

1010 2013 1152 2046 ticentia
1167 2012 1246 2046 vult
1263 2011 1548 2049 Persius.-—Ac,
1560 2011 1590 2042 si
1592 2010 1655 2053 fas

1010 2068 1116 2099 dicere
1121 2070 1136 2098 .’
1147 2065 1223 2098 Hoc
1237 2066 1427 2111 interjecto
1437 2057 1504 2101 Ᾰκάθ
1509 2077 1539 2104 ος
1549 2062 1653 2097 valde

1010 2126 1137 2164 auget,
1157 2130 1197 2151 ac
1223 2129 1406 2151 summum
1433 2114 1654 2149 desiderium

1010 2170 1181 2204 libertatis
1193 2170 1318 2215 arguit,
1327 2168 1371 2202 ad
1382 2165 1654 2201 declamandum

1014 2231 1138 2257 contra
1156 2222 1256 2256 vitia.
1267 2222 1386 2253 —Sed
1390 2221 1459 2263 fas
1471 2209 1654 2265 Significat

1013 2289 1050 2311 se
1063 2277 1101 2310 in
1113 2276 1301 2323 proposito
1319 2284 1573 2321 perseverare,
1587 2271 1654 2305 sci-

1012 2329 1115 2371 licet,
1130 2326 1307 2362 scribendi
1321 2326 1452 2361 satiras.
1468 2324 1511 2358 C.

1062 2395 1093 2427 9.
1108 2386 1205 2419 Tunc,
1217 2394 1288 2414 cum
1298 2382 1346 2412 ad
1350 2388 1511 2412 camnem
1514 2377 1527 2423 ]
1541 2375 1655 2418 Quid-

1013 2435 1123 2483 quid
1113 2443 1170 2469 isti
1174 2432 1369 2480 judicaturi
1377 2430 1655 2476 sint,inquit‚ego

1013 2498 1128 2523 tamen
1161 2486 1395 2521 nihilominus
1418 2483 1539 2517 satiras
1567 2481 1656 2515 mihi

1013 2539 1214 2577 scribendas
1219 2537 1356 2586 judico,
1367 2536 1507 2584 quoties
1516 2535 1563 2569 ob
1576 2546 1659 2568 ocu-

361 2638 405 2667 V.
421 2638 452 2668 8.
470 2640 530 2670 Ac.
551 2640 691 2671 Restitui
710 2651 751 2670 ex
771 2639 926 2672 omnibus
949 2637 1070 2670 nostris
1094 2635 1189 2668 codd.
1205 2636 1282 2666 Vox
1302 2632 1345 2664 ak
1365 2639 1414 2665 est
1435 2630 1657 2663 recentiorum

316 2688 493 2720 editorum.
513 2691 593 2723 Cod.
612 2698 739 2733 noster,
757 2699 804 2723 ac.
