1846 3184
312 295 390 338 132

655 297 709 337 A.
746 295 994 340 PERSII
1034 298 1286 341 FLACCI

364 377 388 419 J
392 392 461 419 am
480 389 571 419 cras
590 376 839 420 hesternum
859 381 1204 438 consumpsimus
1221 397 1230 423 z
1250 396 1349 424 ecce
1367 382 1486 424 aliud
1501 397 1595 426 cras

362 454 512 513 Egerit
528 455 607 496 hos
629 470 787 509 annos,
805 466 847 497 et
868 460 1036 514 semper
1053 458 1232 515 paulum
1251 459 1332 500 erit
1350 460 1478 501 ultra.

363 531 475 572 Nam
491 531 683 588 quamvis
699 545 835 588 prope
853 541 895 573 te
907 563 919 584 ‚
935 532 1127 588 quamvis
1145 543 1317 576 temone
1333 535 1414 576 sub
1431 550 1520 577 uno

1610 552 1657 587 70

363 607 613 649 Vertentem
634 621 724 648 sese
736 638 747 660 ,
765 607 923 649 frustra
944 609 1157 651 sectabere
1176 610 1382 652 canthum
1398 642 1410 663 ,

302 736 410 780 Atqui
431 760 441 777 ‚
471 735 518 769 ait
547 734 690 768 Persius
708 758 719 776 ‚
749 746 825 768 cras
855 734 954 769 istud

303 789 405 837 quod
426 788 518 835 petis
539 788 606 821 tibi
635 787 712 821 dari
736 787 848 822 totius
871 789 953 824 vitae

302 842 503 889 perniciem
532 840 641 875 trahit
661 853 669 874 :
702 840 826 874 nullus
857 841 954 875 enim

302 895 384 929 finis
394 908 405 938 ;
426 903 554 941 atque,
569 902 610 928 ut
627 893 737 928 hodie
753 893 861 936 dicis,
878 906 954 927 cras

303 949 448 989 faciam;
462 949 530 990 ita,
543 947 709 995 sequenti
724 947 802 990 die,
817 943 891 981 cras
905 948 955 981 fa-

303 1002 514 1045 ciam‚dices
522 1027 532 1045 ‚
543 1003 675 1036 etitem
685 1002 803 1042 tertia,
812 1014 851 1035 ac
861 1001 954 1036 dein·

302 1069 388 1103 ceps
401 1068 469 1102 per
480 1067 589 1090 omne
605 1062 710 1088 tuum
727 1067 857 1088 aevum.
869 1055 953 1088 Sen.

302 1109 350 1143 de
371 1108 505 1143 Brevit.
527 1108 592 1142 vit.
616 1110 801 1140 Maximum
823 1109 958 1140 vivendi

302 1165 566 1206 impedimentum
593 1170 641 1194 esc
668 1163 850 1204 expectatio
880 1174 955 1204 quoe

295 1218 421 1261 pendet
439 1228 483 1249 εκ·
508 1217 661 1248 crastino.
685 1217 797 1248 Perdis
823 1216 954 1247 hodier-

301 1283 379 1303 num
386 1284 401 1310 ,·
414 1271 506 1313 quod
513 1271 546 1302 in
556 1257 957 1312 manufhrtunoepositum

301 1333 350 1357 est
357 1324 498 1366 disponis
505 1336 519 1361 ;
533 1323 626 1366 quod
635 1323 668 1354 in
683 1331 740 1354 tua
753 1323 899 1355 dimittis.
910 1321 953 1355 C.

348 1387 408 1421 68.
438 1389 521 1418 Ecce
547 1387 643 1418 aliud
665 1398 737 1418 cras
768 1386 869 1429 egerit
896 1386 954 1417 hos

301 1442 429 1483 annos.]
443 1440 572 1483 Egerit,
589 1439 633 1472 ab
651 1451 781 1482 egerere
792 1464 802 1477 ‚
820 1450 894 1471 non
908 1438 951 1471 ab

300 1506 383 1538 ogo,
402 1491 534 1534 idest,
551 1491 714 1537 expellit.
739 1491 820 1524 Una
842 1490 953 1537 igitur

301 1545 378 1580 dies
395 1570 406 1587 ,
432 1545 556 1591 inquit
588 1543 732 1578 Persius
755 1568 765 1584 ‚
793 1544 952 1590 integros

300 1611 414 1633 annos
429 1598 538 1633 trahit
555 1597 855 1644 procrastinando
867 1623 878 1638 ‚
895 1609 953 1631 ex-

300 1652 423 1686 haurit
436 1676 446 1693 ,
459 1651 633 1698 paulatim
645 1649 812 1684 absumit.
824 1649 950 1684 Horat.

300 1705 366 1739 lib.
387 1705 449 1744 11,
469 1703 532 1738 od.
556 1703 623 1737 18:
660 1699 665 1702 ”

489 1772 638 1802 Truditur
653 1771 718 1801 dies
739 1771 788 1802 die
798 1795 807 1808 ‚

301 1822 459 1860 Novaeque
472 1825 605 1860 pergunt
620 1818 745 1848 interire
759 1819 848 1848 lunae.
898 1820 932 1848 P.

301 1883 595 1919 Pulcherrimum
629 1895 779 1929 quoque
810 1881 855 1916 ad
884 1882 954 1919 hoc

300 1938 401 1974 venit
409 1936 647 1983 proverbium
659 1937 680 1969 J
684 1935 872 1969 udaeorum
882 1948 955 1970 ma-

302 1990 420 2037 gistris
436 1988 611 2022 usitatum
624 2000 632 2021 :
648 1989 708 2030 qui
716 1990 886 2030 protrudit
896 1990 954 2021 Ιιο-

303 2061 394 2087 ram,
409 2049 491 2080 hora
498 2047 669 2091 protrudit
679 2059 762 2083 eum.
784 2046 825 2080 C.

351 2114 408 2157 69.
426 2115 470 2144 Ec
479 2123 604 2155 semper
608 2112 749 2154 paulum
763 2112 826 2142 erit
838 2111 950 2156 ultra]

302 2165 481 2199 Paulatim
496 2172 574 2198 aetas
585 2164 722 2209 irrepet
731 2187 741 2205 ,
756 2170 790 2196 et
802 2163 955 2209 propius

303 2217 350 2252 ad
368 2225 502 2251 metam
517 2214 676 2250 accedes.

353 2289 413 2322 70.
430 2277 518 2308 Nam
536 2275 681 2317 quamvis
687 2286 794 2318 prope
810 2283 859 2312 te,
876 2272 954 2318 eta]

305 2328 652 2365 Convenientissima
685 2326 924 2361 similitudine
945 2351 955 2369 ‚

306 2397 414 2431 quam
433 2383 561 2417 lectori
578 2381 729 2429 reliquit
740 2380 933 2428 aptandam
944 2404 955 2422 ‚

305 2435 358 2469 rei
382 2433 427 2468 de
454 2446 527 2480 qua
551 2434 668 2480 agitur
681 2458 692 2476 ,
714 2432 958 2479 procrastinos

306 2489 393 2521 istos
422 2498 612 2533 nunquam
645 2484 692 2519 ad
728 2484 825 2518 diem
854 2484 958 2517 illum

309 2553 419 2587 quem
428 2540 556 2575 virtuti
566 2537 820 2586 amplectendae
831 2537 960 2572 consti-

1006 743 1155 770 tuerunt
1178 745 1417 783 perventuros
1443 751 1516 773 esse
1539 747 1655 773 osten-

1007 787 1062 823 dit
1083 802 1091 822 :
1118 802 1240 824 sensus
1263 803 1348 838 ergo
1375 800 1429 826 est
1448 804 1456 824 t
1481 792 1656 838 quemad-

1007 840 1158 874 modum
1170 866 1181 884 ,
1194 844 1279 876 cum
1293 844 1409 878 currit
1426 853 1581 891 quatuor
1597 858 1658 879 ro·

1007 902 1126 928 tarum
1145 907 1294 938 currus,
1314 899 1532 943 posteriores
1545 908 1633 932 rotae
1646 923 1657 939 ‚

1010 948 1075 981 etsi
1091 947 1242 983 minimo
1255 949 1444 985 intervallo
1457 953 1624 998 sejunctae
1639 965 1659 986 a

1008 999 1195 1046 prioribus
1205 1026 1215 1043 ,
1230 1014 1431 1049 numquam
1451 1011 1570 1038 tamen
1582 1005 1660 1038 illas

1009 1063 1311 1101 consequuntur;
1332 1056 1381 1090 sic
1393 1078 1404 1097 ,
1424 1065 1484 1095 tu,
1503 1055 1528 1090 ὦ
1551 1057 1657 1104 &peo-

1006 1108 1122 1154 λιεργὲ,
1133 1108 1198 1154 qui
1210 1107 1331 1142 studia
1341 1117 1403 1143 tua
1414 1110 1452 1143 in
1463 1111 1659 1145 crastinum

1008 1171 1149 1205 semper
1171 1159 1318 1202 differs,
1337 1161 1443 1195 illum
1463 1163 1528 1208 qui
1548 1171 1583 1196 te
1603 1163 1662 1197 his

1007 1212 1136 1246 studiis
1159 1212 1364 1249 admovebit
1385 1227 1589 1262 numquam
1606 1228 1660 1249 as-

1010 1266 1170 1312 sequeris
1185 1266 1282 1301 diem
1295 1292 1306 1310 ,
1321 1280 1528 1315 quanquam
1542 1268 1595 1302 illi
1613 1269 1661 1303 sis

1009 1320 1211 1365 proximus.
1247 1320 1301 1355 De
1334 1321 1422 1355 rotis
1453 1321 1552 1356 idem
1584 1322 1660 1357 fere

1009 1372 1244 1420 Symphosius
1262 1374 1298 1407 in
1317 1375 1566 1421 aenigmatibus
1584 1389 1593 1409 τ

1007 1442 1146 1479 Quatuor
1168 1443 1298 1483 aequales
1317 1451 1444 1474 currunt
1467 1454 1505 1474 ex
1525 1451 1590 1475 arte
1611 1455 1661 1475 so-

1089 1500 1174 1519 rores

1006 1536 1057 1566 sic
1071 1538 1159 1576 quasi
1171 1543 1320 1568 certantes
1330 1561 1339 1574 ,
1353 1539 1424 1568 cum
1438 1539 1478 1568 sit
1490 1539 1579 1568 labor
1592 1550 1658 1569 om-

1087 1583 1180 1613 nibus
1194 1595 1273 1614 unus
1285 1596 1293 1618 ;

1005 1630 1045 1659 Et
1062 1640 1160 1670 prope
1179 1637 1250 1659 sunt
1268 1631 1383 1670 pariter
1394 1653 1406 1667 ,
1420 1641 1478 1661 nec
1491 1642 1522 1662 se
1541 1632 1660 1662 contin·

1087 1687 1158 1718 gere
1173 1685 1313 1718 possunt.

1006 1745 1168 1785 -Prope
1183 1748 1232 1774 η’.
1256 1741 1341 1776 Dies
1365 1743 1463 1776 enim
1483 1741 1659 1777 hodierna

1007 1793 1166 1828 crastinae
1181 1795 1375 1841 conjuncta
1391 1804 1454 1829 est.
1466 1815 1512 1820 —
1524 1799 1661 1828 Temone

1006 1849 1063 1879 sub
1076 1860 1154 1880 uno.
1164 1846 1300 1880 Totum
1314 1848 1410 1881 enim
1421 1847 1502 1882 vitae
1516 1856 1661 1894 tempus
1676 1879 1681 1883 i

1009 1898 1137 1933 diebus
1164 1900 1349 1934 continuis
1379 1899 1661 1947 comprehendi-

1008 1961 1069 1986 tur
1082 1966 1090 1986 :
1107 1952 1216 1987 hodie
1234 1962 1270 1988 et
1286 1965 1361 1988 cras
1374 1954 1511 2000 pariter
1523 1965 1560 1987 se
1574 1966 1661 1987 con·

1009 2014 1216 2052 sequuntur
1232 2032 1242 2049 ‚
1271 2014 1307 2040 et
1338 2006 1404 2040 uni
1431 2005 1513 2041 vitae
1543 2006 1661 2053 spatio

1007 2068 1274 2101 annectuntur,
1299 2068 1393 2094 sxcut
1423 2068 1560 2093 temoni
1588 2071 1661 2093 axis

1007 2112 1110 2158 prior
1135 2120 1171 2145 et
1201 2114 1394 2158 posterior,
1421 2112 1490 2146 Hic
1505 2137 1514 2152 ,
1538 2122 1664 2145 temone

1007 2167 1065 2198 sub
1078 2178 1163 2204 uno,
1178 2166 1336 2200 sumitur
1350 2177 1418 2212 pro
1437 2177 1550 2198 curru
1563 2164 1660 2211 ipso.

1410 2216 1453 2250 C.
1473 2225 1508 2251 et
1521 2217 1563 2250 P.

1058 2282 1112 2316 71.
1140 2270 1324 2316 Canthum]
1354 2269 1517 2303 Priorem
1543 2276 1658 2302 rotam

1011 2335 1199 2369 nunquam
1239 2323 1402 2370 attinges.
1428 2343 1478 2348 —-
1503 2324 1659 2356 Canthus.

1010 2374 1269 2421 Συνεκδοχικῶς,
1290 2389 1358 2423 pro
1377 2385 1468 2410 rota·
1493 2377 1662 2411 Circulus

1010 2437 1064 2463 est
1085 2429 1225 2463 ferreus
1248 2441 1323 2475 quo
1346 2437 1435 2463 rotae
1459 2429 1574 2463 orbile
1595 2441 1658 2463 seu

1011 2491 1199 2518 curvatura
1212 2482 1384 2529 cingitur.
1401 2482 1495 2516 Gall.
1510 2485 1660 2528 lajance.

1011 2537 1063 2570 Ea
1074 2548 1161 2571 voce
1173 2543 1255 2570 ante
1273 2535 1436 2570 Persium
1449 2548 1556 2570 nemo
1574 2548 1662 2570 usus

356 2660 397 2688 V.
416 2659 472 2689 68.
493 2659 566 2689 Iam
585 2669 658 2690 cras
676 2657 857 2689 hesternum
875 2655 1132 2698 consumpsimus.
1143 2657 1185 2687 Iu
1203 2654 1324 2696 quinto
1337 2654 1478 2686 Aeueid.
1493 2655 1554 2685 lib.
1570 2653 1662 2696 apud

312 2711 461 2742 Servium
476 2711 597 2755 legitur
607 2711 696 2754 :jam
709 2721 782 2742 cras
795 2709 976 2741 hesternum
986 2731 997 2751 ‚
1011 2708 1097 2741 lieu!
1110 2707 1369 2750 consumpsimus.
1380 2708 1458 2740 Non
1469 2707 1552 2739 male
1565 2712 1663 2748 certe:
