1898 3216
6 1824 11 1829 »
11 1803 22 1819 us
11 1782 13 1788 Α
6 1755 27 1774 ›5-
0 1512 26 1746 ‘gae'r-gszn'awlfflsss

472 304 527 345 A.
565 297 808 344 PERSII
846 298 1100 342 FLACCI
1130 299 1311 342 VITA.
1511 316 1578 344 xv

215 403 242 430 a
261 387 450 433 clamore
465 414 479 438 ,
501 384 610 442 quin
633 383 707 425 illa
721 396 812 425 esse
828 397 927 425 vera
946 386 1143 440 poemata
1166 381 1343 425 diceret.
1368 382 1473 426 Sero
1499 400 1570 427 co·

214 462 365 524 guorit
375 460 598 512 Senecam,
613 458 690 502 sed
701 474 791 502 non
808 469 859 502 ut
873 469 1100 518 caperetur
1122 459 1214 516 ejus
1239 459 1433 518 ingenio.
1454 459 1568 502 Usus

212 549 278 583 est
298 536 417 596 apud
438 537 685 580 Cornutum
707 535 898 579 duorum
924 536 1129 578 convictu
1150 535 1503 578 doctissimorum
1526 547 1571 579 et

212 614 580 658 sanctissimorum
595 614 817 667 virorum,
840 614 998 656 acriter
1022 623 1116 655 tum
1139 613 1544 672 philosophantium
1559 644 1572 665 ,

213 692 277 736 Cl.
300 692 509 752 Agatcrni
532 691 597 750 (3)
620 691 779 734 medici
806 690 1142 746 Lacedoemonii‚
1159 701 1203 733 et
1228 690 1423 733 Petronii
1448 692 1571 734 Aris·

211 770 387 812 tocratis
398 769 625 829 Magnetis,
631 784 738 828 quos
751 769 879 812 unice
891 769 1069 811 miratus
1086 779 1149 811 est
1162 779 1206 811 et
1218 768 1458 821 aemulatus,
1467 771 1570 810 cum

212 845 397 904 {equales
427 856 593 899 essent,
614 856 659 889 et
681 846 876 888 Cornuto
904 845 1110 888 minores.
1137 845 1236 904 Ipse
1266 845 1397 888 etiam
1421 845 1573 887 decem

212 922 303 965 fere
325 923 452 965 annis
481 938 648 966 summe
671 922 856 966 dilectus
888 921 1009 981 apud
1040 905 1275 966 Thraseam
1309 933 1374 965 aet
1387 954 1399 976 ,
1431 923 1491 964 ita
1521 932 1573 963 ut

214 999 565 1058 peregrinaretur
582 1014 760 1058 quoque
776 1014 878 1041 cum
895 1014 948 1041 eo
966 999 1218 1057 aliquando,
1236 1009 1463 1058 cognatam
1481 999 1572 1055 ejus

215 1076 387 1118 Arriam
403 1091 584 1118 uxorem
606 1076 808 1118 habente.
823 1076 928 1117 Fuit
951 1091 1123 1118 morum
1144 1076 1462 1118 lenissimorum
1474 1108 1487 1128 ‚
1502 1090 1574 1117 ve-

216 1150 434 1193 recundiae
446 1152 667 1210 virginalis
676 1183 689 1204 ,
702 1152 851 1193 formae
864 1151 1076 1210 pulchrae,
1088 1151 1260 1210 pietatis
1275 1166 1376 1211 erga
1388 1162 1571 1194 matrem

218 1237 263 1268 et
281 1241 473 1269 sororem
497 1237 541 1269 et
560 1228 736 1269 amitam
756 1228 956 1285 exemplo
979 1226 1249 1270 sufficientis.
1274 1228 1378 1270 Fuit
1396 1228 1514 1287 frugi
1531 1238 1575 1270 et

216 1301 414 1361 pudicus.
434 1303 623 1361 Reliquit
641 1302 704 1361 (4)
722 1303 837 1345 circa
850 1293 932 1345 ffS
951 1303 1039 1344 XX
1061 1304 1189 1344 matri
1211 1313 1255 1345 et
1277 1304 1417 1346 sorori
1436 1319 1447 1346 :
1472 1304 1576 1346 scri-

218 1379 305 1437 ptis
328 1379 385 1421 ad
402 1390 581 1421 matrem
600 1379 818 1422 codicellis
830 1411 843 1432 ,
863 1379 1030 1438 rogavit
1045 1394 1140 1421 eam
1164 1389 1214 1420 ut
1234 1379 1355 1421 daret
1378 1379 1576 1422 Cornuto
1640 1438 1643 1440 -

218 1456 432 1509 sestertia,
451 1466 502 1498 ut
523 1456 701 1514 quidam
724 1456 902 1510 dicunt,
919 1467 1095 1499 centum
1109 1487 1123 1509 ,
1146 1466 1197 1498 ut
1219 1456 1294 1498 alii
1311 1457 1487 1509 volunt,
1511 1472 1576 1498 ar-

219 1533 339 1592 genti
371 1532 474 1574 facti
508 1533 701 1591 pondera
734 1534 919 1593 viginti,
947 1544 991 1576 et
1026 1534 1161 1576 libros
1193 1534 1307 1576 circa
1342 1534 1454 1575 DCC
1486 1534 1547 1591 (5)
1563 1566 1576 1587 ‚

218 1607 309 1650 sive
322 1607 633 1651 bibliothecam
649 1624 771 1651 suam
786 1624 974 1651 omnem.
992 1609 1157 1652 Verum
1171 1610 1393 1652 Cornutus
1406 1642 1419 1662 ‚
1432 1610 1577 1652 subla-

220 1683 275 1725 tis
305 1683 452 1738 libris,
476 1686 708 1743 pecuniam
734 1686 983 1740 sororibus,
1006 1701 1112 1743 quas
1143 1686 1275 1728 frater
1304 1686 1486 1729 heredes
1519 1686 1579 1728 se-

220 1769 358 1813 cent,
374 1759 565 1818 reliquit.
586 1761 642 1802 Et
656 1776 755 1803 raro
769 1794 783 1814 ‚
801 1772 845 1804 et
868 1760 990 1804 tarde
1008 1762 1190 1820 scripsit.
1211 1762 1343 1804 Hunc
1361 1762 1506 1820 ipsum
1526 1762 1579 1807 lie-

221 1836 353 1878 brum
370 1837 673 1896 imperfectum
693 1839 889 1896 reliquit:
906 1854 1052 1881 versus
1068 1839 1203 1896 aliqui
1225 1838 1391 1897 dempti
1406 1849 1509 1881 sunt
1529 1839 1577 1881 iu

222 1912 378 1955 ultimo
399 1914 527 1967 libri;
547 1918 613 1967 et,
640 1915 760 1972 quasi
774 1914 925 1957 finitus
948 1926 1080 1969 esset,
1099 1915 1248 1958 leviter
1262 1915 1457 1957 recitavit
1477 1916 1580 1957 Cor-

226 1999 356 2032 nuto:
376 2000 421 2032 et
434 1990 567 2033 Casio
580 1991 709 2034 Basso
722 1993 888 2050 petenti
907 2003 958 2034 ut
971 1993 1063 2051 ipse
1076 1992 1242 2048 ederet,
1259 1992 1438 2035 tradidit
1451 1992 1580 2035 eden·

226 2064 347 2107 dum.
356 2066 593 2125 Scripserat
603 2068 733 2110 etiam
744 2069 792 2110 in
804 2069 990 2127 pueritia
998 2069 1176 2112 Flaccus
1189 2070 1441 2129 Praeteirtam
1449 2068 1529 2127 (6),
1539 2080 1582 2111 et

274 2186 331 2233 (3)
358 2189 488 2222 madii
508 2191 695 2236 Agaterm']
719 2191 805 2225 Vct.
830 2190 906 2225 sch.
930 2189 1074 2226 Claudii
1098 2191 1291 2238 Agatumni
1319 2190 1451 2225 medici
1471 2191 1581 2225 Lace-

227 2245 417 2290 daemonii‚
434 2256 471 2282 et
482 2247 643 2282 Petronii
657 2250 921 2285 Aristotecratis
933 2250 1109 2297 Magnatis
1116 2250 1333 2285 Aristotelici
1342 2275 1354 2292 ,
1369 2261 1459 2296 quos
1472 2249 1581 2283 unice

228 2305 389 2340 imitatus
402 2314 465 2340 αῖ.

275 2365 331 2409 (4)
358 2367 503 2409 Reliquit
522 2367 610 2399 circa
634 2359 696 2401 ΕΞ
710 2370 792 2413 τι]
804 2369 887 2402 Vct.
901 2367 939 2402 S.
959 2367 1114 2402 Cin-citer
1126 2366 1331 2402 sestertium
1348 2365 1457 2400 vicioe
1472 2365 1580 2402 matri

229 2429 268 2456 et
279 2423 417 2466 somri3
435 2424 578 2471 scriptis
596 2433 715 2460 tamen
733 2425 780 2460 ad
795 2434 946 2460 matrem
964 2425 1160 2460 codicellis.

278 2482 334 2526 (5)
368 2485 412 2515 Et
445 2485 544 2517 libros
574 2486 664 2518 cirea
695 2487 790 2519 DCC.
809 2487 823 2530 ]
856 2485 902 2519 In
945 2483 1163 2532 quibusdam
1197 2481 1384 2517 codicibus
1412 2481 1580 2527 additur,

234 2537 441 2588 Chrysippi.

281 2597 335 2642 (6)
356 2601 593 2648 Frate-uam]
624 2600 783 2644 Quidam
810 2600 949 2635 codices
970 2614 979 2634 ε
1004 2601 1215 2634 Praetextam
1238 2599 1370 2634 Vescio
1395 2608 1433 2635 et
1460 2599 1579 2647 operi-

236 2663 359 2688 oemm
370 2669 381 2689 ι
396 2668 576 2705 con-apte.
594 2660 642 2694 Et
657 2660 767 2707 paulo
785 2668 867 2706 post
881 2674 890 2692 :
906 2659 1029 2694 mirari
1046 2658 1210 2695 homines
1228 2666 1265 2695 et
1278 2657 1445 2707 deperire
1459 2670 1576 2707 coepe·

239 2719 348 2755 num
365 2722 401 2750 et
412 2739 424 2757 ‚
440 2715 608 2753 deu-actis
625 2731 711 2753 mox
727 2717 905 2753 omnibus.
