1846 3184
674 274 796 317 SAT
811 275 932 318 IRA
969 275 1007 318 1.

1447 282 1497 325 31

244 355 373 399 Nilne
394 355 546 415 pudet,
565 355 694 414 capiti
717 371 804 399 non
829 371 948 415 posse
969 357 1159 416 pericula
1179 373 1286 401 cano

244 432 402 475 Pellere
412 463 425 485 ‚
442 431 547 490 quin
565 432 755 490 tepidum
772 433 858 475 hoc
879 444 1000 492 optes
1016 432 1191 476 audire:
1210 435 1410 478 Decenter
1421 439 1455 478 P.
1489 440 1496 447 '

244 508 332 549 Fur
348 523 411 563 es,
427 508 486 550 ait
503 507 649 550 Pedio.
669 508 824 551 Pedius
840 508 974 567 quid?
992 510 1182 571 Crimina
1199 512 1301 554 rasis
1371 508 1386 515 ⁹
1458 518 1501 554 85

242 583 389 625 Librat
411 584 458 625 in
482 584 711 626 antithetis.
734 585 887 627 Doctas
910 586 1099 644 posuisse
1119 585 1273 646 figuras

217 669 220 673 ’
239 658 467 702 Laudatur.
478 660 642 702 Bellum
650 661 746 703 hoe!
755 661 916 704 Bellum
930 662 1013 704 hoc
1023 662 1120 705 ?An
1128 695 1140 717 ,
1151 658 1346 718 Romule,
1357 679 1475 708 ceves
1486 665 1504 706 Ξ)

183 787 307 809 corum
318 774 455 822 oppido
463 799 475 817 ‚
488 775 563 810 sine
572 775 737 823 peditum
747 789 817 823 ope

162 835 286 874 rcapto
305 852 317 869 ,
342 829 481 875 equites
508 829 657 862 Romani
685 831 820 862 Tmssuli

182 880 269 916 dicti
280 889 373 915 sunt.
385 880 456 915 Sed
467 882 576 928 vulgo
587 882 636 916 ita
649 882 819 916 vocabant

181 937 255 978 τοῦς
283 935 420 980 κομψοὺς
448 935 503 969 καὶ
530 936 710 980 φιλοκάλους
723 960 734 976 ,
754 936 819 982 qui

180 986 283 1021 cultu
299 994 334 1020 et
347 994 428 1020 -toto
445 987 526 1021 vitae
543 998 671 1032 genere
688 988 819 1020 caeteris

180 1046 347 1084 praestare
372 1039 514 1072 vellent.
540 1039 656 1072 Varro
682 1040 817 1086 sesqui-

182 1091 319 1138 ulysse:
333 1093 428 1124 Nunc
443 1101 551 1124 emunt
565 1093 701 1124 Trossuli
714 1095 818 1125 nardo

182 1145 280 1176 nitidi
293 1147 396 1188 vulgo
416 1146 523 1177 Attico
547 1146 667 1177 talento
685 1158 815 1188 equum.

183 1197 400 1229 -Snbsellim
410 1196 493 1230 Vid.
506 1197 528 1230 J
530 1208 632 1231 uven.
645 1196 736 1239 VII,
750 1198 794 1238 45
807 1222 818 1239 ,

182 1246 402 1279 tta—Levis.
423 1246 539 1281 Graue.
561 1252 663 1289 λεῖος,
679 1250 815 1294 mollis,

180 1296 307 1331 vulsus
326 1309 366 1331 ac
387 1298 570 1333 resinatus.
581 1300 664 1334 Vid.
681 1301 703 1334 J
706 1313 812 1335 uven-

181 1355 243 1382 sat.
257 1349 319 1390 11,
336 1350 559 1390 1²‚etalibi.
579 1351 623 1385 C.
642 1353 734 1386 etA.

229 1401 284 1434 83.
297 1403 392 1436 Nilne
400 1405 524 1448 pudet-J
541 1403 625 1438 Haec
639 1403 685 1439 ad
698 1413 814 1439 orato·

179 1464 237 1487 res
255 1461 423 1500 spectant.
444 1455 487 1488 In
513 1455 593 1489 illos
612 1456 813 1499 invehitur,

181 1505 244 1551 qui
256 1505 312 1540 vel
323 1518 404 1541 reos
419 1505 600 1542 defensuri
613 1533 624 1550 ‚
638 1518 674 1544 et
690 1510 814 1556 capitis

179 1557 342 1603 periculo
355 1558 562 1606 liberaturi,
575 1560 614 1595 id
634 1574 748 1608 genus
764 1570 816 1596 te-

179 1621 307 1644 nerum
328 1619 363 1645 et
386 1611 493 1647 molle
520 1612 664 1648 dicendi
676 1640 688 1657 ,
710 1627 755 1648 ne
776 1615 815 1649 in

182 1663 310 1697 scholis
326 1664 471 1710 quidem
490 1674 524 1700 et
544 1667 722 1701 auditorio
742 1668 816 1714 pri-

179 1722 260 1749 vato
268 1715 457 1751 serendum
464 1742 474 1758 ,
485 1720 702 1754 transferunt
709 1721 748 1754 in
754 1720 782 1754 F
782 1732 818 1754 0-

181 1779 263 1801 rum
273 1793 284 1810 ‚
300 1775 336 1803 et
352 1782 450 1804 veras
471 1783 592 1805 causas
617 1781 726 1819 agunt
742 1781 816 1806 tan-

182 1831 291 1865 quam
311 1821 409 1856 fictas
435 1823 714 1859 declamationes.
733 1826 817 1868 Quo

182 1871 270 1906 vitio
296 1875 482 1909 tenebatur
510 1878 733 1922 potissimum
758 1878 817 1912 illa

183 1932 272 1958 atas.
285 1925 368 1960 vid.
381 1928 504 1970 Quint.
515 1929 576 1963 lib.
589 1930 658 1972 IV,
670 1943 744 1977 cap.
760 1943 774 1964 1
783 1944 797 1965 1
806 1957 816 1965 .

184 1981 338 2012 —Cana
348 1981 416 2015 Vel
429 1995 512 2017 vere
527 1996 615 2018 cano
624 2009 634 2025 ,
649 1984 747 2031 quod
760 1997 818 2019 au-

181 2041 242 2079 get
251 2033 354 2074 πάθος
364 2049 374 2076 ;
386 2035 443 2069 vel
457 2043 569 2072 atrato
581 2046 617 2072 et
627 2038 817 2085 squallido,

170 2097 328 2119 vreorum
338 2098 438 2120 more
446 2111 458 2129 ,
474 2100 553 2134 quae
573 2101 629 2123 res
646 2091 750 2124 etiam
761 2102 818 2125 ca-

182 2138 307 2173 nitiem
318 2140 407 2174 solet
418 2142 624 2177 accelerare.
643 2143 686 2177 C.

229 2191 288 2232 84.
317 2194 402 2235 Quin
425 2196 564 2237 tepidum
576 2219 588 2234 ‚
608 2198 693 2239 enm]
717 2196 816 2238 Quin

179 2241 299 2287 glorie
310 2251 379 2277 tuae
390 2246 533 2289 servias,
545 2255 580 2280 et
591 2247 629 2281 id
641 2250 819 2296 praecipua

182 2297 269 2329 cura
287 2308 366 2343 agan
380 2321 392 2339 ‚
416 2306 457 2331 ut
482 2299 646 2345 plausum
662 2301 719 2335 vel
742 2315 816 2336 me-

182 2344 340 2381 diocrem
362 2348 446 2383 inde
470 2351 574 2386 seras.
588 2372 637 2378 —
652 2355 815 2396 Tepidum.

183 2398 381 2435 Modicum.
393 2403 529 2449 ⁸Reipsa
538 2429 549 2446 ‚
563 2407 728 2445 decenter,
746 2419 819 2440 non

182 2452 291 2498 pleno
302 2465 363 2488 ore
371 2478 383 2495 ‚
394 2463 436 2489 ut
447 2469 546 2500 euge,
561 2460 659 2496 belle;
673 2458 735 2492 sed
747 2459 819 2493 levi

183 2511 320 2539 tantum
336 2517 520 2542 murmure
538 2518 738 2556 usurpatur.
750 2512 792 2543 A.

915 778 973 812 85.
990 781 1057 811 Fur
1072 792 1121 818 es,
1142 781 1193 812 aie
1205 780 1326 826 Pedia]
1347 780 1482 829 Supple
1492 808 1503 825 ‚

870 831 932 878 qui
949 840 1089 865 accusat
1107 836 1381 867 eum—Pedius
1400 838 1505 878 quid?

869 883 1086 930 Respondet.
1098 888 1278 920 —Pedius.
1295 887 1418 922 Blesus
1437 889 1504 923 sub

869 936 1012 970 Nerone
1021 950 1039 970 a
1048 937 1313 985 Cyrenensibus
1321 949 1505 986 accusatus

870 997 923 1023 est
934 990 1141 1036 exspoliasse
1159 993 1331 1037 templum
1342 994 1505 1028 Aescula-

868 1042 935 1088 pii.
950 1042 1062 1076 Tacit.
1076 1045 1170 1077 Ann.
1186 1045 1289 1087 XIV,
1302 1045 1505 1082 damnatus-

869 1106 940 1140 que
953 1103 989 1128 et
1003 1108 1021 1129 a
1034 1105 1157 1130 senatu
1175 1106 1292 1131 motus
1311 1106 1375 1133 est.
1386 1119 1431 1126 —
1440 1103 1506 1134 Ra-

866 1149 920 1180 sis.
936 1147 1059 1182 Politis
1070 1173 1082 1190 ‚
1100 1149 1298 1185 elaboratis.
1314 1152 1356 1185 P.

915 1200 1126 1232 86.Libratin
1132 1202 1501 1249 antithetzk(crimina).]

868 1251 979 1284 Velut
993 1251 1029 1284 in
1043 1253 1217 1287 contraria
1235 1254 1335 1288 lance
1352 1257 1506 1302 opponit

865 1303 1167 1339 criminationibus
1181 1318 1254 1339 non
1270 1307 1385 1341 valida
1402 1319 1506 1354 argu-

866 1363 982 1390 menta
990 1381 1002 1399 ‚
1014 1356 1076 1391 sed
1086 1370 1198 1392 meras
1205 1359 1398 1394 verborum
1407 1372 1506 1394 exor-

865 1408 1026 1443 nationes
1045 1418 1082 1443 et
1100 1409 1231 1456 figuras
1242 1436 1253 1453 ,
1270 1411 1506 1458 periodorum

865 1461 1047 1496 affectatos
1063 1474 1232 1497 numeros
1243 1488 1255 1505 ‚
1271 1472 1307 1499 et
1324 1465 1424 1511 quasi
1442 1477 1505 1511 ap-

865 1523 994 1558 pensos
1005 1537 1017 1555 ,
1035 1513 1308 1548 homoeoteleuta
1319 1539 1330 1557 ,
1345 1515 1505 1549 homoeo-

866 1573 966 1610 ptota
977 1587 989 1606 ,
1007 1566 1139 1600 isocola
1152 1591 1164 1608 ,
1183 1566 1338 1613 aliasque
1364 1567 1505 1615 Gorgiae

866 1617 1167 1651 inventiunculas.
1180 1619 1262 1652 Vet.
1278 1619 1388 1654 schol.
1406 1636 1421 1649 ι
1431 1623 1504 1654 An-

871 1685 886 1699 ·
900 1669 1023 1705 titheta
1036 1678 1119 1704 sunt
1129 1671 1225 1705 hec:

868 1739 972 1768 Fortia
984 1738 1118 1779 neglecti
1128 1740 1272 1770 velabant
1289 1741 1366 1770 colla
1377 1741 1482 1781 capilli
1494 1754 1503 1776 3

868 1787 907 1814 Et
915 1796 973 1825 per
983 1787 1116 1826 neglecti
1121 1787 1288 1817 volitabant
1298 1788 1376 1818 colla
1385 1788 1503 1827 capilli:

867 1832 931 1862 Ant
948 1833 1090 1872 quotiens
1108 1833 1220 1863 umbri
1236 1835 1363 1874 porrexi
1380 1835 1507 1865 brachia

949 1886 1031 1909 mota
1042 1899 1054 1916 ‚

868 1926 930 1956 Aut
954 1926 1097 1966 quotiens
1117 1927 1228 1958 umbra
1252 1927 1362 1958 reduxi
1380 1929 1507 1959 brachia

948 1979 1043 2002 mota.

872 2051 887 2066 ι
901 2036 1080 2071 Antitheta
1090 2045 1212 2071 autem
1223 2037 1289 2072 ista
1305 2046 1391 2072 sunt
1400 2063 1411 2081 ,
1426 2051 1504 2085 quae

871 2107 887 2121 ι
901 2099 1026 2124 contra
1047 2103 1084 2125 se
1109 2099 1296 2137 ponuntur
1310 2104 1320 2124 ι
1337 2100 1379 2125 ut
1390 2116 1402 2134 ‚
1421 2093 1506 2125 hinc

868 2160 886 2174 ι
899 2143 1042 2190 pudor,
1059 2144 1159 2178 illinc
1182 2145 1377 2191 petulantia
1393 2158 1401 2177 :
1420 2146 1505 2179 hinc

871 2213 886 2227 ι
900 2196 1088 2243 pudicitia,
1097 2198 1195 2232 illinc
1205 2206 1370 2244 stuprum
1380 2210 1388 2229 :
1401 2198 1506 2231 istinc

871 2266 886 2280 ι
901 2250 1096 2293 fraudatio,
1113 2251 1213 2285 illinc
1230 2250 1329 2284 fides.
1340 2267 1354 2279 ι
1375 2250 1505 2283 RetA.

915 2304 972 2349 87.
1005 2308 1058 2336 An
1070 2329 1082 2342 ‚
1107 2306 1239 2336 Romule
1251 2328 1262 2342 ,
1284 2303 1418 2347 ceves?]
1448 2304 1504 2336 An

869 2354 986 2389 adhuc
999 2356 1056 2389 vir
1075 2367 1112 2389 es
1123 2355 1139 2387 ?
1151 2355 1301 2388 Minime
1318 2367 1426 2397 vero;
1442 2353 1506 2388 sed

869 2407 987 2440 mollis
1007 2415 1043 2440 et
1067 2407 1304 2440 effeminatus.
1323 2407 1376 2439 De
1394 2407 1505 2442 verbo

871 2471 993 2497 cevere,
1003 2457 1075 2492 vid.
1089 2457 1133 2491 ad
1146 2459 1227 2491 Juv.
1241 2466 1305 2491 sat.
1321 2458 1378 2498 11,
1391 2471 1426 2493 v.
1440 2471 1480 2492 ²1
1491 2483 1503 2499 ‚

870 2519 905 2544 et
917 2512 992 2552 lx,
1007 2513 1256 2550 ‹im—Romule.
1265 2510 1335 2544 Pro
1346 2511 1504 2545 Romano

231 2610 276 2639 V.
298 2610 354 2642 86.
373 2613 499 2643 Doctus.
516 2615 563 2644 Ita
581 2625 694 2645 omnes
708 2615 812 2645 nostri
831 2614 924 2645 codd.
944 2614 1154 2646 Casaubouus
1170 2615 1280 2647 mallet
1292 2616 1421 2653 docus,
1433 2627 1502 2647 ree·

191 2660 256 2693 tius
269 2662 371 2701 sorte3
385 2672 417 2695 at
430 2666 558 2708 vulgata
572 2667 668 2699 lectio
680 2667 763 2699 bene
781 2678 915 2709 quoque
932 2677 968 2699 se
979 2667 1086 2699 habet.
