1846 3184
618 323 877 368 SATIRA
915 323 955 366 1.

675 0 945 22 “F'KWQW'V:
951 0 958 6 ⁷
969 0 1006 12 ss'i‘
1011 0 1022 2 ”
1030 0 1059 9 ῬἾ·
1065 3 1073 10 ,⁴

1394 325 1444 367 15

184 416 242 459 Et
261 411 448 456 natalitia
467 408 640 451 tandem
663 422 763 450 cum
782 404 1045 464 sardonyche
1066 404 1212 457 albus,

113 534 139 550 ‚.
157 509 161 512 ’
186 490 295 535 Sede
311 489 423 547 leges
445 486 576 538 celsa,
595 483 764 545 liquido
785 485 884 525 cum
906 482 1107 540 plasmate
1129 490 1279 539 guttur
1315 544 1329 550 ·

186 565 350 610 Mobile
372 563 592 615 collueris,
610 560 796 620 patranti
818 561 973 601 fractus
995 557 1144 600 ocello.

129 703 230 742 cepta
243 692 409 735 moralia,
426 699 469 725 ut
485 702 594 737 supra
604 714 616 731 ,
635 690 656 722 6
671 701 766 721 curas

129 750 291 783 lamb-um
298 751 313 780 !
322 756 380 780 etc.
388 744 613 788 ss—Populo.
622 743 767 789 Duplex

127 801 197 836 fuit
204 800 378 834 recitatio:
389 797 501 838 domi,
509 796 629 831 amicis
637 806 767 829 convo-

128 853 214 888 σιὼ
224 851 270 886 ad
283 849 587 892 emendationum
599 847 745 895 publice
754 871 765 888 ‚

129 906 168 940 in
180 903 361 940 auditorio
369 927 380 945 ‚
394 903 451 938 vel
462 902 564 943 alibi,
578 903 686 948 quam
698 912 769 934 ma·

129 958 225 993 xima
235 956 315 991 fleri
327 962 469 1002 poterat
480 956 613 988 corona
623 979 635 996 ,
651 952 696 986 ad
712 964 767 986 os-

130 1009 376 1047 tentationem.
397 1008 451 1041 De
476 1005 623 1053 privatis
641 1005 768 1038 recita-

130 1062 311 1103 tionibus,
323 1059 399 1095 vid.
415 1060 537 1093 Horat.
549 1059 611 1092 lib.
624 1059 660 1098 1,
672 1061 773 1097 satui-

132 1114 227 1149 Plin.
247 1114 313 1147 lib.
327 1112 422 1146 VIII
435 1136 447 1154 ‚
463 1111 569 1157 epist.
597 1122 654 1144 ax.
673 1110 771 1144 Tull.

132 1167 210 1201 Cic.
223 1165 268 1200 ad
281 1166 353 1199 Att.
370 1164 433 1198 lib.
446 1164 519 1198 XII
530 1188 542 1205 ‚
556 1163 657 1210 epist.
669 1166 703 1203 4.
718 1163 770 1196 De

134 1219 289 1266 publicis
309 1217 579 1252 recitationibus
590 1240 601 1257 ‚
614 1214 688 1251 vid.
705 1216 728 1249 J
731 1228 771 1248 u·

134 1272 311 1314 venalem,
319 1270 625 1313 sat.V11,Quintil.
634 1269 680 1304 de
688 1269 774 1303 Ora-

136 1334 231 1366 tore,
246 1327 547 1366 eta—Petusque
565 1322 706 1366 togdque
722 1334 775 1353 re-

136 1378 232 1410 centi.
247 1374 442 1410 Recitaturi
455 1374 637 1421 elegantia
652 1371 775 1407 stude·

135 1430 236 1463 bant.
261 1427 374 1462 Moris
394 1427 517 1474 itaque
541 1426 611 1460 fuit
621 1452 631 1467 ‚
647 1434 689 1460 ut
709 1424 775 1459 loti

136 1479 326 1528 prodirent
332 1505 345 1522 ,
353 1481 443 1526 pexa
450 1481 551 1513 coma
558 1503 570 1520 ‚
582 1487 691 1526 atque
699 1479 779 1512 bar-

135 1534 203 1576 ba,
216 1541 252 1568 et
270 1531 451 1567 candidati
465 1544 474 1564 ε
491 1531 656 1578 nihilque
670 1532 775 1566 omit-

137 1594 278 1628 terent,
294 1584 395 1633 quod
416 1585 573 1632 aliquam
595 1585 679 1631 ipsis
696 1597 775 1632 gra-

139 1632 224 1674 tiam
239 1647 277 1673 et
294 1637 641 1673 commendationem
657 1647 776 1685 posset

139 1693 339 1728 conciliare.
360 1691 403 1726 C.

191 1747 243 1778 16.
260 1743 461 1777 Numantia...
472 1756 544 1776 eum
560 1744 779 1788 sardonyche]

138 1797 194 1832 De
218 1796 439 1844 sardonyche
451 1821 462 1838 ‚
482 1795 556 1830 vid.
581 1795 626 1830 ad
648 1797 669 1830 J
673 1809 780 1831 uven.

144 1859 208 1884 sat.
218 1851 273 1884 VI
282 1874 294 1892 ‚
306 1863 341 1884 v.
354 1850 551 1892 382;V11‚
568 1854 653 1892 ¹443
666 1849 760 1883 XIII
770 1873 781 1890 ,

148 1902 457 1947 139.—Natalitia‘.
465 1903 584 1944 Quam
596 1901 655 1936 die
666 1902 783 1942 natali,

145 1957 241 1989 inter
267 1955 333 1990 alia
361 1967 511 1989 munera
524 1980 535 1997 ‚
563 1955 783 1990 missitabant

146 2007 251 2042 amici
272 2015 309 2041 et
326 2007 494 2049 clientes,
513 2020 693 2055 quamque
710 2021 785 2042 non

147 2061 217 2095 nisi
230 2061 269 2094 in
281 2060 499 2095 solemnibus
509 2073 685 2096 assumere
697 2063 787 2096 sole-

147 2113 247 2147 bant.
265 2111 384 2147 Plaut.
398 2112 438 2146 in
451 2112 624 2147 Curculio
638 2126 648 2146 τ

816 686 873 717 Hic
890 693 936 716 est
952 685 1104 723 annulus,
1119 695 1212 726 quem
1230 694 1288 726 ego
1306 684 1364 714 tibi
1382 684 1452 715 misi

897 733 993 763 natali
1004 733 1067 762 die.

817 811 864 818 —
874 791 988 825 Albus.
994 788 1226 825 Candidatus.
1236 790 1291 825 Ita
1302 789 1372 824 erit
1381 789 1457 824 dic-

819 854 898 880 tum
909 870 920 887 ‚
939 844 1081 889 regnique
1092 845 1236 876 recenti..
1245 867 1253 876 .
1263 867 1273 877 .
1284 845 1390 877 albus.

868 916 921 950 17.
935 906 1015 937 Sede
1026 906 1110 948 leges
1119 903 1228 949 celui]
1244 903 1393 937 Veteres
1405 901 1459 936 di·

819 956 947 990 cebant
963 963 1094 990 stantes
1104 980 1115 996 ‚
1129 954 1325 989 recitabant
1337 953 1460 989 seden-

821 1018 886 1043 tes.
902 1009 995 1042 Plin.
1011 1009 1073 1042 lib.
1086 1008 1140 1041 vl
1150 1032 1161 1049 ‚
1175 1008 1278 1054 epist.
1292 1010 1327 1042 6.
1341 1009 1461 1040 dicenti

825 1063 906 1095 milti
924 1063 1056 1095 sollicite
1081 1062 1217 1100 assistit,
1238 1063 1357 1094 assidet
1376 1061 1460 1093 reci-

826 1116 917 1147 mnti.
936 1113 1114 1147 Sedebant
1138 1113 1272 1159 igitur,
1290 1113 1355 1159 qui
1371 1111 1461 1146 reci-

822 1167 944 1202 tabant
955 1168 1027 1199 sede
1036 1165 1139 1205 celui,
1156 1177 1264 1212 quam
1275 1164 1462 1211 pulpitum

823 1219 1016 1260 vocabant,
1029 1217 1223 1264 aliquando
1240 1229 1388 1264 quoque
1406 1228 1463 1251 α-

823 1270 1001 1306 thedram.
1015 1271 1098 1304 Juv.
1113 1270 1190 1303 VII
1201 1295 1212 1311 ‚
1230 1273 1274 1315 47
1294 1278 1331 1304 et
1348 1269 1406 1313 93.
1417 1288 1466 1294 —

825 1326 964 1368 Liquido
991 1337 1064 1356 eum
1086 1325 1246 1367 plasmate
1264 1335 1276 1354 :
1300 1322 1464 1357 Πλᾶττειν

827 1379 930 1425 φωνὴν
944 1377 1078 1412 dicitur
1087 1377 1304 1422 phonascus,
1318 1374 1382 1421 qui
1391 1382 1466 1408 arte

827 1443 953 1466 vocem
966 1429 1112 1476 corrigit
1122 1452 1134 1469 ‚
1149 1436 1186 1462 et
1200 1429 1330 1463 format
1342 1427 1380 1461 in
1394 1439 1467 1461 me·-

827 1485 919 1519 lius:
934 1482 1020 1517 inde
1036 1482 1242 1528 πλάσματα,
1257 1479 1416 1515 remedia
1427 1480 1468 1514 in

827 1549 904 1571 eam
917 1548 994 1570 rem
1004 1561 1015 1578 ‚
1027 1543 1063 1569 et
1079 1535 1195 1573 πλαίσις
1212 1536 1314 1580 φωνῆς
1325 1557 1335 1569 ‚
1350 1545 1390 1567 ac
1402 1545 1468 1568 vo·

827 1602 884 1624 ces
897 1589 1140 1632 πεπλασμένιι,
1152 1586 1262 1621 modo
1275 1586 1313 1619 in
1323 1585 1468 1627 bonam3

828 1641 938 1676 modo
950 1642 987 1675 in
1002 1641 1129 1674 malam
1140 1648 1279 1686 partem
1291 1638 1471 1684 accipiun-

833 1704 904 1729 tur.
936 1693 1118 1728 Plutarch.
1150 1693 1188 1726 in
1219 1691 1393 1726 Cicerone
1414 1703 1422 1723 :
1447 1691 1470 1726 ἡ

833 1749 918 1794 φωνὴ
940 1747 1041 1782 πολλὴ
1059 1745 1115 1779 καὶ
1140 1745 1244 1791 ἀγαθὴ
1258 1769 1269 1786 ,
1288 1743 1410 1790 σκληρὰ
1431 1739 1471 1776 δὲ

833 1801 890 1835 καὶ
911 1799 1071 1838 ἄπλαςος.
1095 1796 1258 1838 Deinde,
1279 1796 1300 1833 ἦ
1324 1808 1361 1830 τε
1386 1796 1472 1841 φωνὴ

831 1851 1045 1898 λαμῧιίνουσα
1080 1852 1213 1884 πλάσιν.
1232 1869 1279 1874 -
1301 1850 1476 1891 Liquidum

828 1906 970 1947 plasma.
986 1897 1079 1950 Ῠγρδν
1098 1911 1134 1936 et
1151 1903 1317 1949 ὑγραῖνον,
1329 1902 1386 1935 vel
1406 1914 1473 1948 po·

835 1957 907 1990 tius
917 1980 928 1997 ‚
941 1958 1097 1998 λειαῖνσνς
1110 1963 1164 1990 est
1175 1955 1271 1989 enim
1285 1954 1332 1988 de
1345 1965 1476 2001 genere

837 2021 964 2043 eorum
996 2008 1342 2043 medicamentorum
1357 2033 1368 2048 ,
1396 2018 1477 2053 quae

837 2060 992 2096 λεαντυιὰ
1004 2061 1119 2096 Graeci
1135 2068 1266 2095 vocant
1279 2059 1421 2094 medici.
1432 2059 1474 2092 C.

892 2115 946 2148 18.
966 2116 1086 2147 Mobile
1105 2114 1280 2160 (guttur)
1298 2112 1478 2154 collaris]

193 2233 237 2262 V.
255 2241 309 2271 17.
324 2230 403 2262 Sede
415 2230 498 2274 leges
510 2229 603 2262 eelsa‘.
615 2232 715 2263 Multi
728 2232 823 2264 codd.
839 2239 871 2263 et
884 2233 1086 2274 antiquiores
1099 2231 1223 2263 babent
1238 2231 1344 2273 legens
1353 2253 1363 2266 ,
1378 2230 1461 2260 forte
1470 2252 1479 2267 ,

151 2284 246 2315 unit
257 2283 471 2316 casaubonus
480 2306 490 2322 ‚
503 2299 518 2311 α
529 2284 630 2315 simili
642 2295 767 2323 errore,
781 2292 820 2316 ut
838 2285 914 2316 cum
928 2285 1073 2326 quotiens
1082 2309 1091 2322 ,
1111 2285 1241 2321 totiens,
1252 2290 1284 2314 et
1302 2283 1363 2313 alia
1376 2282 1480 2323 scrip-

152 2352 166 2364 ·
179 2344 292 2368 serunt
301 2347 364 2379 pro
378 2337 521 2378 quoties,
538 2337 635 2368 socies.
647 2352 662 2365 ι
679 2340 754 2369 Vet.
766 2339 869 2369 schol.
887 2338 1016 2369 Pithoei
1034 2338 1133 2369 habet
1153 2348 1288 2379 quoque
1304 2336 1420 2378 legens.
1436 2336 1483 2365 At

154 2390 235 2420 male
246 2389 362 2420 flueret
374 2390 482 2421 oratio
496 2400 572 2420 cum
590 2391 653 2421 ista
672 2391 813 2422 lectione
823 2413 833 2429 ‚
848 2396 881 2422 et
898 2401 1014 2422 manca
1032 2397 1113 2421 esset
1125 2390 1250 2432 phrasis
1261 2401 1270 2427 ;
1283 2394 1484 2430 quapropter

154 2441 238 2483 leges
248 2442 444 2484 recepimus.

128 2507 132 2511 ⁴
199 2499 244 2535 ἵ.
261 2500 313 2530 18.
327 2499 486 2530 Collueris.
499 2499 642 2540 Quidam
655 2501 751 2532 codd.
764 2500 887 2531 habeut
901 2499 1053 2530 calluerit.
1065 2500 1109 2529 At
1122 2498 1204 2529 male
1213 2521 1222 2536 ‚
1233 2504 1265 2528 et
1278 2498 1350 2528 sine
1362 2508 1482 2537 sensu;

158 2548 224 2580 nisi
235 2559 332 2592 supra
343 2550 458 2592 legeris
471 2551 573 2593 leget,
585 2563 647 2593 pro
666 2553 789 2594 legens,
802 2552 853 2583 vel
868 2553 968 2593 leges,
983 2558 1021 2582 ut
1039 2551 1245 2581 Britannicus
1257 2573 1267 2589 ‚
1279 2551 1332 2582 Jo.
1344 2550 1487 2592 Baptista

160 2599 239 2630 Pit-⁸
248 2621 259 2637 ‚
270 2599 492 2641 numenius,
506 2604 619 2635 Aelius
633 2605 800 2635 Antonius
816 2603 1036 2635 Nebrisseusis
1045 2626 1054 2639 ‚
1069 2609 1102 2633 et
1120 2602 1187 2633 alii.
1201 2604 1242 2634 In
1257 2609 1375 2634 nostro
1386 2614 1486 2635 sensu

162 2657 334 2693 noan-aque
345 2664 558 2695 personarum
578 2656 789 2688 distinctione
809 2661 965 2697 praestant
976 2655 1060 2697 leges
1070 2678 1081 2694 ,
1098 2661 1132 2686 et
1148 2655 1232 2686 infra
1244 2655 1399 2687 collaeris.
1409 2657 1487 2687 Non

166 2702 249 2735 mle
265 2705 337 2736 cod.
350 2707 492 2739 Colbert.
510 2710 542 2739 11
553 2731 562 2747 ‚
582 2716 614 2740 et
631 2709 703 2741 cod.
722 2716 852 2747 noster,
868 2719 940 2750 sup.
958 2708 1082 2750 legens,
1096 2714 1128 2739 et
1145 2708 1210 2742 hoc
1227 2708 1322 2749 loco,
1335 2709 1489 2741 calluerit.
