1846 3184
381 324 458 367 172

724 312 776 353 A.
813 312 1063 355 PERSII
1105 313 1370 358 FLACCI

431 392 556 434 Tune
573 393 689 435 bona
707 393 935 437 incolumis
953 396 1154 439 minuas?
1175 397 1259 440 Sed
1276 399 1440 440 Bestius
1459 410 1584 459 urget

431 469 642 512 Doctores
662 468 814 513 Graios
830 486 840 513 :
861 472 921 513 ita
940 472 988 514 fit
1001 504 1012 526 ,
1032 484 1259 531 postquam
1282 490 1431 533 sapere
1449 476 1560 518 Urbi

430 548 539 588 Cum
554 548 702 605 pipere
716 558 759 589 et
773 548 924 606 palmis
941 550 1059 591 venit
1074 562 1271 593 nostrum
1284 552 1389 606 hoc,
1408 553 1538 595 maris
1554 568 1725 612 expers,

433 624 662 666 Foenisecae
678 640 825 667 crasso
843 626 1051 668 vitiarunt
1073 629 1267 687 unguine
1289 630 1443 688 pultes.

376 751 582 787 adulteratae
605 752 741 786 fuerint
763 755 901 801 gummi
927 768 946 789 e
971 768 1028 790 ce-

373 818 466 838 raso.
488 806 530 839 C.

425 860 478 904 37.
491 863 578 893 Tune
592 863 677 894 bona
690 864 858 896 incolumis
870 867 1025 909 minuas-‘J

374 913 479 946 Dicet
496 913 563 947 tibi
580 914 688 949 heres
707 924 792 950 tuus
811 917 936 951 iratus.
954 919 1025 952 De·

373 967 482 1000 besue
503 967 551 1001 ita
572 981 675 1003 sanus
688 995 699 1013 ‚
718 978 753 1004 et
776 983 874 1004 nunc
896 971 1000 1006 vivus
1013 997 1023 1014 ‚

373 1021 468 1055 hona
483 1022 693 1069 impendere
703 1034 763 1059 tua
772 1024 900 1058 ?——Sed
909 1029 1027 1060 Bestius

374 1085 477 1120 urget.
501 1077 640 1111 Bestius
671 1091 871 1125 cognomen
897 1080 1026 1115 Roma-

374 1141 467 1163 num
478 1130 575 1176 apud
590 1131 711 1166 Horat.
724 1133 785 1166 lib.
800 1134 818 1166 I
831 1159 840 1174 ,
853 1134 953 1180 epist.
968 1135 1024 1176 15,

376 1192 411 1217 et
426 1184 511 1218 alios
527 1198 534 1218 :
548 1186 609 1219 hic
623 1199 757 1234 nqmen
771 1189 892 1222 θετικὸν
910 1189 1026 1235 turpi-

373 1235 548 1283 lucripidi
592 1239 749 1272 hominis
779 1262 799 1280 ‚·
831 1240 1024 1275 hereditati

373 1288 496 1323 alienae
514 1290 700 1325 inhiantis.
712 1313 758 1317 ——-
773 1295 872 1337 Urget
880 1295 1025 1327 doctores

376 1346 503 1377 Graios.
521 1345 660 1379 Bestius
679 1346 867 1380 invehitur
888 1347 924 1380 in
942 1348 1024 1394 phi-

375 1396 544 1442 losophos
575 1398 719 1432 Graecos
737 1424 747 1440 ‚
766 1399 873 1445 quod
902 1413 1024 1434 secum

374 1450 564 1484 attulerint
574 1460 686 1485 artem
698 1452 893 1486 liberaliter
905 1454 1025 1487 viven-

376 1501 414 1536 di
432 1512 468 1537 et
485 1504 636 1538 honeste
648 1531 657 1547 ,
675 1518 750 1552 quo
768 1505 810 1539 fit
827 1515 869 1539 ut
882 1506 1025 1540 heredi-

374 1563 462 1590 tates
481 1557 695 1592 minuentur
714 1558 756 1592 C.
777 1567 812 1592 et
831 1559 873 1592 P.

425 1609 482 1643 38.
504 1613 632 1657 husie,
652 1612 723 1657 eta]
745 1612 811 1659 Hic
828 1613 930 1646 locus
943 1624 1026 1660 p'er-

375 1661 551 1697 obscurus
563 1677 645 1698 sane
663 1673 714 1699 est
723 1666 851 1712 fcujus
866 1665 1023 1701 difficul-

375 1725 426 1750 tas
454 1717 547 1752 inest
575 1718 613 1751 in
637 1719 778 1759 verbis,
797 1728 940 1752 nostrum
964 1721 1025 1752 hoc

377 1772 475 1803 maris
505 1782 640 1815 expers,
665 1780 817 1818 propter
830 1764 1024 1823 ¹'ambigui-

376 1831 484 1857 tatem
505 1825 607 1860 verbi
632 1839 748 1868 expers
761 1852 770 1864 ,
796 1826 901 1859 sicuti
921 1826 1023 1860 verbi

375 1872 487 1910 maris.
508 1881 631 1920 Expers
653 1878 742 1912 duas
766 1879 871 1912 habet
891 1879 1024 1926 signifi-

375 1931 542 1964 cationes.
554 1933 677 1978 Vulgo
691 1945 820 1976 eaepers,
835 1934 878 1967 ab
893 1947 1023 1977 expar-

375 1991 422 2019 te,
439 1982 503 2028 qui
524 1982 659 2015 nullam
678 1983 785 2016 habet
803 1992 941 2030 partem
956 2009 964 2024 ‚
982 1983 1023 2018 id

375 2042 429 2067 est
442 2059 452 2074 ‚
472 2034 534 2080 qui
552 2042 660 2068 caret.
686 2035 892 2081 Aliquando
914 2037 1022 2069 etiam

373 2087 474 2121 veuit
487 2087 530 2120 ab
546 2088 701 2134 experiri
712 2114 722 2130 ,
738 2096 773 2122 et
788 2089 909 2122 locum
925 2098 1023 2123 tenet

374 2140 557 2186 participii
579 2151 749 2184 expertus,
769 2142 832 2188 qui
852 2151 1021 2188 expertus

375 2201 442 2227 cst.
468 2193 601 2228 Probat
621 2194 691 2227 hoc
713 2202 802 2227 vett.
825 2194 1023 2240 glossarum

374 2254 523 2288 auctor,
542 2246 607 2293 qui
625 2255 817 2294 utramque
836 2246 1023 2280 notionem

374 2299 533 2346 agnoscit
549 2324 560 2341 ,
576 2299 634 2333 -sic
657 2299 754 2334 enim
779 2300 839 2334 ille
856 2312 865 2332 ε
887 2312 1022 2343 expers,

376 2355 504 2400 ἄπειρος
546 2353 601 2388 καὶ
645 2355 807 2400 ἔμπειρος.
844 2354 1025 2400 Ambigua

376 2406 483 2440 etiam
503 2414 576 2448 est,
594 2406 665 2440 hoc
683 2407 763 2440 loco
776 2432 786 2448 ‚
805 2407 905 2442 verbi
924 2408 1023 2439 maris

375 2459 602 2506 significatio.
617 2460 776 2494 Venitne
794 2473 813 2493 a
826 2473 937 2499 mare,
952 2473 1022 2492 ma-

375 2516 442 2552 ris;
462 2526 505 2547 an
520 2538 530 2555 ‚
548 2526 567 2547 a
584 2527 673 2553 mas,
694 2515 818 2547 maris?
833 2513 923 2555 Quae
938 2515 1023 2547 cum

374 2567 423 2600 ita
440 2567 511 2601 sint
522 2592 530 2607 ,
548 2562 779 2602 ne‘lectorem
795 2566 894 2602 vanis
911 2578 1021 2613 quaes-

1681 642 1726 679 4ο

1081 754 1240 798 tionibus
1258 756 1445 803 fatigemus
1457 782 1467 799 ‚
1483 757 1571 792 duas
1587 766 1730 794 tantum

1081 807 1271 842 afferemus
1305 809 1547 856 interpretum
1584 821 1728 846 senten-

1081 862 1145 894 tias
1175 863 1384 908 praecipuas.
1413 864 1479 898 Illa
1507 865 1580 899 sic:
1602 867 1729 912 Icafie,

1079 917 1127 949 ait
1144 916 1283 950 Bestius
1296 940 1307 959 ‚
1317 927 1491 961 postquam
1508 929 1652 952 nostrum
1668 920 1729 951 Ιιοσ

1078 962 1220 1012 saperes
1240 968 1279 1002 id
1315 978 1366 1003 est
1378 994 1389 1012 ‚
1419 979 1540 1005 nostra
1575 966 1649 1006 haec
1675 984 1728 1026 Qi-

1078 1020 1213 1066 pientia
1229 1022 1327 1053 maris
1343 1033 1476 1064 expers,
1494 1023 1653 1057 masculo
1668 1035 1728 1056 ro-

1078 1074 1166 1107 bore
1180 1086 1319 1116 carena,
1330 1075 1448 1109 mollis
1459 1084 1495 1110 et
1508 1076 1726 1117 effeminata,

1080 1129 1153 1160 urbi
1164 1130 1260 1160 venit
1275 1140 1347 1160 eum
1358 1130 1494 1172 pipere,
1510 1138 1569 1162 etc.
1586 1129 1703 1163 Altera
1719 1155 1730 1172 ‚

1078 1180 1128 1213 sic
1148 1193 1156 1213 τ
1186 1184 1236 1213 Ita
1250 1182 1314 1227 fit,
1333 1191 1509 1224 postquam
1532 1195 1665 1226 sapere,
1689 1182 1729 1217 id

1079 1241 1130 1267 est
1148 1258 1158 1277 ‚
1190 1233 1361 1280 sapientia
1394 1233 1606 1268 Graecorum
1636 1237 1733 1268 venie

1077 1282 1158 1320 cum'
1164 1289 1277 1331 pipere
1291 1297 1325 1320 et
1329 1290 1469 1331 palmis:
1483 1296 1573 1322 tunc
1586 1298 1730 1321 nostrum

1078 1342 1139 1373 hoc
1155 1366 1165 1379 ,
1191 1339 1230 1373 id
1255 1348 1327 1382 est,
1351 1349 1474 1374 nostra
1500 1340 1648 1387 propria
1676 1353 1729 1375 sa-

1077 1393 1214 1440 pientia
1233 1405 1252 1427 a
1277 1394 1474 1440 majoribus
1498 1402 1664 1440 accepta,
1686 1402 1730 1428 ut

1078 1449 1176 1480 maris
1189 1460 1323 1491 expers,
1340 1447 1379 1481 id
1395 1457 1447 1482 est
1459 1473 1469 1489 ‚
1484 1448 1561 1482 sine
1573 1448 1660 1490 sale,
1675 1447 1730 1481 in-

1079 1501 1176 1545 sulsa
1185 1527 1195 1544 ‚
1214 1501 1349 1535 nullius
1376 1502 1487 1548 pretii
1511 1502 1631 1536 habita
1651 1510 1703 1535 est
1717 1527 1728 1544 ‚

1079 1561 1114 1588 et
1139 1555 1321 1588 contemni
1348 1554 1455 1600 coepit
1473 1567 1483 1597 ;
1508 1563 1596 1588 tunc
1622 1557 1729 1587 Foeni-

1077 1620 1158 1639 seeae
1170 1609 1353 1646 vitiarunt,
1369 1616 1430 1640 etc.
1446 1607 1510 1640 Illa
1524 1606 1728 1640 Casauboni

1078 1661 1276 1701 sententia,
1295 1661 1370 1695 haec
1394 1661 1558 1695 Turnebl
1579 1659 1728 1694 Advers.

1076 1715 1182 1755 XXX
1192 1739 1202 1756 ‚
1218 1727 1296 1761 cap.
1311 1727 1331 1761 7
1341 1740 1351 1758 ‚
1363 1713 1564 1749 casauboni
1578 1713 1729 1760 quidem

1076 1768 1251 1803 sententia
1269 1767 1419 1814 simplex
1437 1765 1605 1808 videtur,
1621 1775 1657 1800 et
1675 1767 1730 1801 rei

1076 1818 1355 1854 accommodata.
1369 1819 1439 1854 Alii
1458 1827 1575 1853 tamen
1589 1818 1730 1870 simpli-

1078 1873 1177 1907 cius:
1196 1881 1390 1920 postquam
1410 1881 1576 1909 nostrum
1593 1872 1662 1906 hoc
1681 1884 1732 1915 sa·

1075 1939 1161 1973 pere
1174 1952 1184 1968 ‚
1199 1937 1291 1959 notre
1308 1928 1451 1960 nouvelle
1468 1939 1607 1971 sagesse,
1622 1925 1730 1958 maris

1076 1993 1202 2027 expers
1215 2005 1225 2022 ,
1247 1979 1484 2027 transmarina
1505 1977 1610 2024 (vide
1634 1987 1730 2012 notae

1075 2035 1183 2080 hujus
1199 2033 1422 2080 superiorem
1436 2033 1619 2079 partem),
1636 2033 1696 2075 qui
1706 2045 1729 2064 a

1069 2088 1214 2129 passeles
1220 2099 1313 2124 mers,
1320 2085 1433 2126 venit,
1440 2084 1665 2132 admissaque
1674 2091 1729 2118 est

1074 2140 1111 2175 in
1133 2140 1281 2181 urbem;
1298 2147 1386 2172 tunc
1403 2141 1593 2176 Foenisecoe,
1607 2147 1666 2170 etc.
1683 2138 1728 2170 A.
1747 2136 1755 2145 ⁰

1125 2193 1183 2237 39.
1208 2196 1285 2226 Cum
1296 2193 1431 2238 pipere]
1449 2193 1543 2242 A'nte
1557 2191 1664 2237 piper
1676 2190 1730 2223 in·

1076 2253 1223 2280 ventum
1235 2270 1246 2285 ‚
1259 2245 1383 2278 baccas
1402 2244 1438 2287 in
1455 2255 1524 2277 usu
1537 2243 1645 2276 fuisse
1660 2250 1729 2275 tes-

1077 2307 1175 2332 tatur
1197 2298 1287 2330 Plin.
1309 2297 1371 2341 lii).
1397 2297 1482 2337 XV,
1512 2308 1590 2342 cap.
1618 2307 1729 2340 29.—

1076 2354 1207 2397 Palmis.
1220 2351 1290 2385 Pro
1307 2363 1431 2384 earum
1451 2349 1630 2383 fructibus
1641 2375 1650 2389 ,
1665 2349 1729 2396 qui

1076 2405 1210 2453 dactyli
1222 2412 1402 2440 vocantur
1414 2428 1425 2444 ‚
1446 2403 1537 2437 Gan.
1559 2406 1727 2436 danes.—

1075 2458 1226 2492 Nostrum
1238 2470 1363 2501 sapere.
1375 2455 1503 2490 Nostra
1518 2456 1702 2502 sapientia.

1123 2515 1182 2552 40.
1202 2512 1374 2544 Foenisecce
1391 2511 1579 2553 vitiarunt]
1604 2508 1657 2542 Ex
1682 2521 1725 2542 eo

1076 2574 1239 2612 tempore
1254 2589 1265 2607 ‚
1294 2562 1383 2597 adeo
1421 2562 1612 2609 depravata
1641 2570 1730 2596 sunt

421 2682 461 2710 V.
483 2682 536 2722 39.
562 2680 657 2711 Venit
668 2689 810 2712 nostrum
830 2680 910 2718 hoc,
928 2679 1027 2711 maris
1045 2691 1169 2722 expers.
1183 2678 1296 2712 Codex
1311 2684 1441 2710 noster:
1458 2676 1554 2709 ‘venie
1571 2675 1632 2708 lzoc
1651 2686 1728 2708 nos-

375 2740 477 2771 trum,
498 2742 531 2765 et
550 2734 648 2766 maris
670 2745 795 2777 expers.
815 2734 904 2766 Male
928 2734 1077 2766 omnino.
