1846 3184
505 268 517 300 2
545 265 636 326 EX
672 256 879 309 Lumo
912 261 1014 306 vll
1048 260 1263 305 SATIR.
1294 260 1297 261 ⁷

1487 263 1570 307 261

861 348 881 384 1
891 347 942 384 X.

282 416 455 455 Primum
471 413 607 466 fulgit,
624 413 684 451 uti
701 411 859 450 mldum
877 423 925 448 ex
942 408 1157 447 fomacibu'
1172 409 1334 447 ferrum.
1397 389 1407 398 Χ

878 477 917 513 X

285 544 443 584 Simavit
461 543 580 581 taxim
598 542 648 580 ad
667 554 778 580 nares
789 569 800 587 ‚
820 539 1030 592 delphinus
1046 547 1093 576 ut
1110 537 1220 577 olim.

864 606 903 642 X
914 606 947 642 1.

283 675 397 712 Hunc
412 670 581 718 molere,
600 670 710 709 illam
728 678 859 708 autem
877 676 924 706 ut
943 667 1186 705 frumentum
1198 678 1364 704 vannere
1376 665 1530 704 cunnis.

843 736 883 771 X
895 735 913 770 1
926 735 957 770 1.

282 803 460 840 Aetatem
478 810 517 839 et
535 801 673 838 faciem
686 827 697 845 ‚
714 808 760 836 ut
780 812 867 849 saga
885 805 924 835 et
942 797 1046 834 bona
1063 795 1317 834 conciliatrix.

327 872 329 874 ’
620 869 622 871 “
832 863 873 898 X
885 863 903 898 1
915 863 934 898 1
946 864 976 898 Ι.

283 930 436 981 Phryne
453 929 597 967 nobilis
612 928 680 966 illa
697 927 768 965 ubi
782 934 993 965 amatorem
1008 925 1225 977 improbius
1239 938 1370 976 quem.

839 993 879 1029 X
891 994 911 1028 Ι
920 994 969 1029 V.
1212 1003 1219 1011 ·

285 1060 343 1097 Ne
361 1057 576 1096 auriculam
593 1056 747 1095 obsidat
767 1056 887 1094 caries
896 1083 909 1101 ‚
924 1069 975 1094 ne
990 1054 1286 1105 vermiculique.

855 1121 951 1157 XV.

285 1187 407 1234 Queis
421 1186 526 1225 oculi
543 1199 625 1224 non
644 1194 753 1232 sunt,
771 1198 899 1236 neque
916 1196 1076 1230 nasum,
1095 1183 1248 1236 equalia
1266 1190 1394 1222 sunto.

840 1250 881 1286 X
889 1251 924 1285 V
933 1251 965 1286 1.

287 1316 430 1354 Tristes
440 1344 452 1363 ,
468 1315 647 1353 difficiles
664 1317 815 1360 sumu',
832 1312 1043 1350 fastidimu’
1059 1312 1270 1351 bonorum.

827 1379 868 1416 X
877 1379 910 1414 V
920 1378 939 1413 Ι
951 1379 984 1413 Ι.

287 1444 419 1483 Solam
435 1431 569 1482 auram
583 1442 781 1480 adversam
799 1448 968 1492 segetem
986 1440 1211 1478 immutasse
1221 1470 1233 1488 ,
1250 1447 1486 1490 statumque.

812 1508 852 1544 X
860 1509 894 1543 V
905 1508 923 1542 Ι
935 1508 953 1543 1
964 1508 995 1543 I.

286 1573 530 1621 caldissim,
547 1587 592 1611 ac
607 1573 706 1611 bene
721 1572 837 1624 plena
847 1571 928 1618 jam
947 1571 1140 1617 solorum,
1154 1579 1271 1621 atque
1286 1570 1423 1608 anseri'
1439 1570 1577 1608 collus.

839 1637 878 1672 X
891 1637 908 1672 Ι
921 1637 980 1672 X.-

295 1729 648 1740 ..............
669 1703 766 1738 Rate
780 1700 830 1737 ad
849 1699 998 1736 catulos
1015 1698 1198 1737 accedere
1215 1697 1402 1736 inultum.

587 1757 590 1758 ’
859 1765 962 1801 xx.

286 1829 561 1882 Muginamur,
580 1828 766 1866 molimur
778 1855 789 1874 ‚
809 1827 1079 1865 subducimur.

234 1976 344 2002 essent
359 1970 443 2001 acia
454 1993 465 2010 ,
482 1970 591 2011 primo
613 1979 684 2000 non
700 1969 816 2000 multis
829 1969 881 2012 ja-

235 2025 322 2056 culis
338 2024 467 2055 inibant
482 2023 647 2066 praelium.

282 2087 315 2118 9.
330 2077 479 2108 Nonius:
495 2077 604 2118 Fulgit
617 2086 680 2118 pro
695 2076 810 2118 fulget.

285 2141 338 2162 ιο.
355 2131 503 2162 Nonius:
521 2130 641 2167 Simon
658 2129 821 2171 deprimit.

285 2193 300 2213 1
311 2194 340 2217 ι.
363 2183 495 2214 Nonius
511 2194 519 2213 :
542 2184 727 2213 Evannetur
753 2182 880 2213 dictum

233 2243 283 2269 est
294 2236 494 2274 ventiletur,
508 2237 561 2267 vel
569 2242 740 2268 moveatur
748 2258 758 2273 ‚
766 2246 785 2266 a
796 2247 882 2267 van-

233 2301 276 2321 no
284 2313 297 2328 ,
313 2290 351 2321 in
364 2300 430 2332 qua
439 2289 604 2332 legumina
615 2290 827 2322 ventilantur.

283 2352 335 2373 ιιι.
360 2342 492 2374 Nonius
508 2354 517 2372 ε
539 2345 631 2385 Sagoe
654 2343 807 2373 mulieres
829 2341 882 2372 di-

234 2395 492 2430 cuntnrfeminae
501 2395 543 2426 ad
551 2395 726 2426 libidinem
734 2395 881 2425 virorum

236 2445 462 2487 indagati-icet..

288 2496 340 2526 13.
351 2497 439 2528 Non.
449 2498 570 2529 Nobilis
582 2498 705 2528 dicitur
711 2503 760 2527 est
767 2502 881 2526 notus.

289 2551 344 2582 ¹4.
360 2549 508 2582 Nonius:
524 2550 631 2582 Cat-ies
647 2557 697 2581 est
714 2555 880 2587 vetustas,

238 2598 292 2629 vel
308 2600 484 2644 putrila‘go.

984 1969 1038 1999 15.
1055 1968 1205 2000 Nonius:
1219 1967 1341 2000 Nasum
1359 1980 1476 2012 genere
1494 1981 1581 2002 nen-

933 2027 996 2052 11¹0.

984 2075 1036 2105 162
1053 2075 1203 2107 Nonius:
1219 2076 1396 2107 Genitivus
1412 2087 1507 2107 casus
1519 2088 1580 2118 po-

934 2128 1018 2159 situs
1031 2139 1095 2170 pro
1109 2129 1304 2159 accusativo.

985 2193 1036 2218 17.
1048 2181 1198 2212 Nonius:
1213 2183 1354 2222 Segetem
1367 2181 1464 2212 etiam
1476 2181 1581 2223 ipsam

933 2242 1052 2266 terram
1068 2234 1218 2264 dicimus.

984 2288 1036 2317 18.
1065 2286 1195 2318 Nonius
1216 2298 1224 2316 :
1249 2285 1354 2316 collus
1364 2309 1376 2323 ,
1405 2287 1584 2318 masculini

933 2341 1071 2382 generis.

984 2403 1035 2432 19.
1061 2391 1215 2422 Nonius:
1236 2391 1360 2429 Camli,
1379 2402 1450 2422 non
1473 2391 1583 2423 solum

934 2455 1055 2475 canum
1068 2444 1267 2475 diminutive
1276 2466 1286 2482 ‚
1299 2455 1416 2475 verum
1429 2445 1582 2476 omnium

933 2497 1125 2527 animalium
1137 2497 1354 2538 appellantur.

982 2557 1035 2578 20.
1051 2547 1202 2579 Nonius:
1218 2547 1581 2591 Muginari„murmu-

934 2610 1017 2634 rare.
