1846 3184
287 275 368 317 118

627 278 677 317 A.
708 275 955 318 PERSII
997 275 1249 319 FLACCI

339 357 493 399 Nescio
518 356 622 414 quid
646 367 787 399 tecum
811 373 936 415 grave
959 358 1186 400 cornicaris
1209 360 1384 417 inepte;

339 434 430 475 Nec
449 434 617 492 stloppo
635 433 819 476 tumidas
837 433 1024 476 intendis
1041 450 1241 493 rumpere
1257 435 1425 477 buccas.

336 511 475 553 Verba
496 521 603 569 togae
621 512 832 568 sequeris:
849 512 1050 568 junctura
1068 512 1243 554 callidus
1260 513 1348 554 acri
1359 545 1371 565 ‚

283 637 404 672 nescio
421 637 511 684 quid
524 637 716 678 meditans,
732 650 771 672 ac
785 650 904 672 secum
915 663 925 679 ‚

282 703 392 724 rauco
400 692 633 736 sonitu‚1130re
641 691 927 725 cornicummur-

283 756 437 776 murans.
449 743 532 777 Haec
542 744 637 777 enim
649 745 766 777 omnia
778 743 926 778 medita·

283 795 451 828 bundum
462 796 643 829 hominem
652 821 661 838 ,
674 805 707 830 et
721 796 758 829 in
771 796 856 830 seria
867 808 926 830 co·

284 849 455 893 gitatione
474 872 478 876 -
498 848 658 883 defixum
701 850 926 895 exprimunt.

284 900 526 947 Qu'aequidem
536 926 547 940 ,
558 901 640 948 quia
652 902 812 936 affectata
823 902 928 935 nimis

285 953 470 995 videmur,
481 954 609 988 merito
619 967 637 988 a
647 959 753 1000 poeta
762 954 928 994 deriden-

287 1013 358 1039 tur.
370 1007 553 1052 Aristoph.
568 1007 606 1040 in
619 1007 743 1053 Equit.

285 1060 363 1100 AD!
379 1063 495 1100 οἷσθ”ὅ
512 1079 566 1112 μοι
588 1069 781 1102 πεπονθέναι
797 1065 903 1108 δοκεῖς
919 1082 928 1110 ;

340 1119 416 1165 ὅπερ
436 1120 471 1153 τὸ
490 1123 622 1159 πλῆθος.

288 1172 389 1205 Εἴπω
403 1169 541 1207 δικίδιον
559 1169 654 1213 εἶπας
670 1170 702 1208 εὖ
713 1197 722 1211 ,
740 1173 828 1208 κατὰ
843 1174 928 1215 ξένου

339 1226 509 1270 μετοίκου,

287 1277 352 1313 Tm
379 1279 481 1311 νύκτα
507 1282 617 1325 θρυυ.
600 1292 660 1316 ων,
686 1279 741 1313 καὶ
766 1283 870 1314 ὶαλῶν
899 1282 929 1314 ἐν

342 1331 412 1370 ταῖς
432 1328 517 1370 ὁδοῖς
537 1345 572 1365 σε
560 1337 681 1377 αυτῷ,

289 1371 379 1439 Ϊᾷωρ
403 1396 440 1416 τε
467 1384 586 1424 πίνων,
611 1382 817 1424 κάπιδεικνυς
826 1386 930 1428 ,τοὺς

343 1435 446 1480 φίλους
465 1441 496 1468 τ’
499 1441 592 1470 ανιῶν
603 1462 612 1479 ,

277 1478 368 1521 ‘hieu
395 1484 531 1528 δυνατὸς
561 1486 640 1524 εἶναι
662 1491 778 1537 λέγειν.
793 1476 825 1524 ὁ
845 1491 930 1537 μωρὲ

342 1544 400 1580 τῆς
420 1540 552 1580 ἀνοίας.
545 1541 552 1565 ⁹
838 1544 878 1577 C.

341 1603 356 1624 1
365 1604 394 1624 2.
407 1594 611 1639 cornicaris]
630 1594 730 1628 More
744 1595 932 1628 cornicum

290 1644 454 1691 grocitaS.
475 1645 614 1679 Locum
634 1647 732 1681 hunc
753 1648 844 1681 forte
861 1660 933 1682 res-

291 1697 391 1743 pexit
403 1698 447 1730 D.
459 1697 697 1746 Hieronymus
706 1725 716 1741 ,
727 1702 810 1734 cum
823 1699 912 1734 dixit
922 1725 932 1741 ‚

294 1750 392 1795 epist.
412 1750 483 1784 IV:
498 1753 559 1784 alii
575 1753 661 1785 intra
673 1766 722 1792 se,
739 1755 843 1785 nescio
855 1755 938 1796 quid

293 1804 508 1842 cornicantes,
529 1806 684 1837 tumentia
706 1807 813 1838 verba
838 1807 933 1838 eruti·

294 1864 434 1893 riantur,
453 1865 510 1887 etc.
527 1856 566 1888 P.

345 1920 358 1940 ι
367 1907 397 1940 3.
409 1911 475 1941 Nec
485 1911 606 1953 stloppo
614 1935 624 1948 ‚
637 1913 708 1955 eta]
721 1910 839 1945 Tertia
852 1920 934 1946 nota

293 1961 377 1994 mali
395 1965 531 2007 poetae:
550 1959 647 2008 quod
668 1963 802 1997 soleant
822 1964 935 2010 irnpe-

293 2014 353 2047 riti
367 2018 479 2059 poetae
494 2027 567 2060 prae
582 2016 716 2049 caeteris
734 2016 848 2050 inflati
862 2030 934 2051 esse

294 2066 333 2099 in
352 2066 544 2101 recitando.
560 2067 714 2102 Adverte
733 2077 852 2103 autem
871 2071 935 2103 tri-

294 2119 363 2153 bus
375 2119 410 2153 in
422 2120 476 2153 his
490 2121 662 2166 egregiam
673 2121 931 2167 gradationem:

294 2185 362 2207 nec
377 2174 510 2221 stylum
522 2174 624 2208 inflas
638 2174 682 2209 ad
695 2176 806 2209 instar
819 2176 910 2209 follis
923 2188 934 2219 ;

976 651 1042 673 nec
1052 638 1231 674 meditaris
1243 649 1278 674 et
1287 648 1407 675 tecum
1417 641 1524 687 agitas
1533 653 1619 675 con-

978 693 1057 725 fusa
1076 701 1110 726 et
1128 692 1297 739 impedita
1315 693 1424 728 instar
1444 695 1618 737 cornicis;

977 757 1043 779 nec
1065 744 1222 792 denique
1248 759 1309 781 ore
1333 748 1491 794 turgenti
1520 748 1619 794 quasi

976 801 1132 842 stloppmn
1149 799 1255 833 edere
1268 799 1412 834 videris.
1426 800 1484 834 Sic
1498 799 1621 834 laudat

981 851 1163 885 Cornutus
1176 865 1196 886 a
1215 853 1399 887 contrariis
1417 853 1528 888 Persii
1548 854 1620 887 elo·

981 905 1163 938 cutionem
1172 930 1183 946 ‚
1193 905 1433 941 inventionem
1441 932 1451 947 ,
1463 919 1623 953 pronun-

981 957 1104 990 tiation
1109 969 1178 991 em.
1188 961 1380 1002 -Scloppm
1390 959 1475 993 Vox
1487 959 1622 1006 elegan—

981 1017 1035 1043 ter
1045 1010 1172 1051 efficta,
1179 1010 1223 1044 ad
1235 1010 1512 1058 exprimendum
1520 1012 1624 1046 illum

982 1075 1130 1105 sonum,
1151 1076 1258 1111 quem
1277 1064 1397 1098 buccae
1416 1063 1568 1108 inflatae‚
1587 1073 1624 1099 et

982 1116 1058 1150 ictu
1076 1116 1204 1150 collisae
1219 1116 1347 1151 edunt.
1367 1115 1409 1150 C.
1428 1124 1463 1151 et
1477 1117 1517 1150 P.

1032 1174 1088 1210 14.
1107 1171 1211 1202 Verba
1225 1179 1274 1214 ιοδ
1261 1183 1309 1202 0oe
1320 1169 1483 1215 sequeris]
1500 1169 1626 1216 Sequi-

984 1231 1045 1257 tul
1053 1223 1211 1257 laudatio
1221 1223 1412 1258 xoer&os'=.c1w
1423 1223 1627 1258 Primalaus
1674 1216 1680 1221 ’

982 1279 1002 1313 ἡ
1015 1281 1078 1310 τῶν
1090 1277 1254 1322 ὀνομάτων
1270 1277 1396 1323 ἐκλογή.
1410 1277 1482 1319 Tu,
1494 1276 1628 1324 inquit,

983 1328 1098 1362 uteris
1122 1328 1214 1375 stylo
1236 1341 1310 1362 non
1331 1329 1526 1375 ampullato
1539 1353 1550 1370 ‚
1565 1336 1628 1362 aut

983 1379 1239 1427 sesquipedali,
1259 1394 1327 1415 nec
1351 1394 1393 1416 ex
1416 1381 1543 1416 ultima
1564 1394 1627 1416 an-

984 1434 1150 1480 tiquitate
1160 1435 1274 1480 petito
1284 1459 1294 1474 ‚
1307 1442 1348 1468 ut
1363 1433 1510 1481 quidam
1523 1435 1626 1482 inep-

985 1488 1012 1522 ti
1029 1513 1040 1529 ‚
1065 1500 1156 1534 quos
1184 1496 1247 1521 sat.
1278 1489 1296 1521 I
1312 1513 1323 1529 ‚
1349 1489 1478 1523 merito
1506 1501 1628 1535 repre·

984 1540 1157 1583 liendisti3
1170 1541 1232 1575 sed
1245 1542 1337 1587 stylo
1350 1542 1522 1588 simplici,
1535 1542 1628 1588 poli-

985 1602 1222 1634 to,venustate
1229 1597 1290 1627 sua
1297 1607 1336 1628 ac
1343 1594 1528 1640 leporibus
1537 1606 1629 1628 com-

985 1645 1189 1680 mendando
1206 1671 1216 1688 ‚
1242 1654 1350 1692 atque
1380 1646 1418 1679 in
1443 1647 1628 1680 communi

987 1711 1054 1733 usu
1076 1700 1212 1746 posim,
1230 1700 1263 1733 ei
1283 1698 1430 1733 demum
1446 1711 1521 1733 non
1536 1699 1627 1733 absi-

986 1753 1079 1793 mili,
1097 1747 1205 1800 quein
1226 1760 1327 1787 vocat
1348 1752 1471 1786 Horat.
1492 1754 1632 1786 sermoni

979 1807 1201 1849 propriorem,
1212 1814 1247 1839 et
1260 1817 1382 1837 mnsam
1388 1807 1629 1848 pedestrem„—

986 1862 1143 1890 Juuceura
1156 1860 1291 1891 callidus
1301 1859 1384 1891 acri.
1397 1857 1516 1892 Altera
1529 1858 1606 1892 laus
1618 1870 1627 1890 .·
1676 1877 1680 1881 »

988 1911 1201 1957 compositio
1222 1918 1318 1944 recta
1337 1911 1530 1944 verborum
1541 1936 1552 1953 ,
1569 1923 1631 1944 eo-

987 1976 1143 2010 rumque
1161 1971 1242 2009 apta
1258 1965 1424 2009 junctura
1436 1987 1448 2005 ,
1465 1975 1553 2010 quas
1569 1975 1632 1998 vo·
1654 1976 1657 1981 ’

988 2026 1069 2052 cant
1082 2014 1197 2051 Graeci
1212 2018 1372 2051 rhetores
1390 2017 1448 2054 τὴν
1461 2017 1561 2054 καλὴν
1573 2019 1630 2051 τοῦ

986 2072 1080 2116 λόγου
1100 2071 1254 2104 συνθέσιν.
1278 2070 1410 2104 Seneca
1430 2082 1490 2104 eos
1508 2081 1630 2116 repre-

987 2122 1115 2156 hendit
1136 2123 1222 2168 qui,
1245 2122 1365 2157 studio
1386 2125 1631 2169 exasperandae

988 2176 1158 2210 orationis
1170 2201 1180 2218 ‚
1199 2179 1315 2209 nolunt
1336 2178 1405 2209 sinc
1422 2178 1550 2221 sale-hm
1568 2189 1631 2210 esse

342 2295 386 2324 V.
408 2294 460 2324 13.
482 2293 620 2335 Stloppo.
638 2293 798 2336 Quinque
817 2294 913 2325 codd.
936 2295 1022 2325 inter
1042 2305 1125 2336 quos
1146 2301 1275 2331 noster,
1288 2294 1413 2325 habent
1431 2295 1557 2335 seloppo
1573 2305 1630 2326 seu

298 2347 412 2387 sclopo.
426 2349 474 2377 Ita
489 2358 624 2388 quoque
638 2354 702 2378 vet.
716 2347 817 2378 schol.
833 2347 909 2378 cod.
924 2347 1053 2378 Pithoei
1064 2370 1073 2385 ‚
1093 2349 1180 2386 807²
1194 2370 1202 2384 ,
1217 2354 1248 2378 et
1262 2347 1311 2378 ed.
1327 2354 1389 2377 vet.
1403 2343 1549 2378 Britan'n.
1563 2348 1633 2378 Alii

298 2399 419 2430 habent
429 2400 554 2441 stloppo
565 2423 574 2436 ‚
588 2411 645 2430 seu
658 2399 768 2441 stlopo.
784 2400 998 2432 Casaubonus
1010 2400 1141 2441 praesert
1154 2399 1294 2440 stloppO,
1309 2410 1382 2440 quae
1395 2410 1459 2430 vox
1471 2399 1634 2441 reperitur

298 2452 386 2493 apud
399 2452 600 2483 Priscianum
610 2474 619 2490 ,
631 2452 725 2494 quia,
739 2459 778 2483 ut
789 2453 858 2494 ipse
873 2452 934 2483 ait:
949 2467 962 2479 α
972 2459 1020 2482 est
1036 2452 1197 2494 eleganter
1209 2450 1315 2482 efficta
1332 2451 1372 2481 ad
1385 2452 1634 2494 exprimendum

300 2518 311 2530 v
326 2504 418 2534 illum
439 2515 558 2534 sonum
577 2515 675 2545 quem
692 2503 804 2535 buecae
822 2504 945 2535 inflatae
962 2511 994 2535 et
1011 2505 1078 2535 ictu
1098 2504 1219 2535 collisae
1237 2503 1349 2534 edunt.
1362 2517 1375 2530 n
1390 2504 1435 2534 At
1448 2504 1561 2535 eadem
1574 2515 1633 2536 va-

300 2557 394 2587 rietas
412 2563 515 2587 exstat
530 2555 671 2587 forte'iu
691 2554 789 2588 codd.
810 2557 987 2595 Prisciani,
1001 2564 1135 2599 propter
1153 2556 1402 2587 similitudinem
1420 2556 1604 2588 litterarum
1617 2569 1635 2601 ς

302 2614 333 2637 et
354 2615 366 2637 c
391 2609 426 2638 in
453 2609 640 2639 codicibus:
657 2617 828 2650 praeterea,
843 2621 911 2640 vox
932 2609 1059 2651 seloppo
1083 2608 1182 2640 nobis
1203 2608 1366 2639 efficacior
1386 2609 1515 2640 videtur
1535 2609 1635 2652 quam

300 2659 419 2701 szloppo
429 2683 440 2698 ,
454 2662 494 2692 ad
507 2662 762 2703 exprimendum
774 2662 869 2694 illum
882 2673 1013 2695 sonum.
1026 2662 1117 2695 Nihil
1132 2669 1241 2693 tamen
1253 2661 1302 2693 ibi
1317 2663 1528 2693 mutavimus.
