1846 3184
427 262 517 337 Ex
536 250 854 321 {iwanno
877 271 1088 316 snm.
1118 272 1333 317 Lumo.
1450 275 1535 321 233

820 357 854 392 L
863 356 912 393 V.

247 425 423 468 Durum,
441 421 563 460 molle
578 433 717 467 voras;
737 420 951 471 fragmenta
967 418 1143 457 interfici'
1158 419 1283 470 panis.

802 487 835 522 L
844 486 879 522 V
887 486 919 521 1.

249 550 422 590 Concilio
440 550 601 602 antiquo
620 550 772 601 sapiens
788 549 848 587 vir
868 548 969 586 solu’
990 548 1113 586 fuisti.

790 615 866 651 LV
874 615 894 650 1
907 614 940 650 I.

249 679 327 726 Qui
343 690 523 730 oempos,
541 678 741 730 collesque
757 677 881 730 gradu
899 676 1115 729 perlabitur
1131 690 1224 716 uno.

770 746 804 781 L
814 745 848 780 V
857 744 877 779 1
888 744 908 779 1
919 745 952 780 Ι.

248 808 338 846 Non
350 815 487 859 tango,
503 807 763 868 quod-avarus
776 807 897 845 homo
911 815 989 854 est,
1004 807 1193 859 quodque
1207 808 1402 860 improbu’
1414 809 1540 849 mitto.

793 875 829 909 L
839 874 859 909 1
872 874 924 909 X.
1412 880 1414 883 '

251 936 403 974 Vellem
418 949 509 973 cum
528 936 663 987 primis
676 964 687 982 ‚
704 936 787 974 fieri
805 936 837 973 si
855 936 955 975 forte
972 936 1146 988 petisset.

823 1003 856 1038 L
868 1002 918 1038 X.

254 1066 429 1103 Vicimus
441 1093 453 1107 ,
473 1063 498 1101 ὃ
516 1065 612 1102 socii
623 1092 635 1110 ‚
653 1073 693 1103 et
707 1078 886 1117 magnam
904 1067 1152 1118 pugnavimu’
1170 1080 1356 1120 pugnam.

803 1133 837 1167 L
847 1131 887 1168 X
897 1132 930 1168 1.

253 1193 415 1232 Rhodos
430 1193 679 1245 Carpathium
696 1195 738 1232 in
755 1194 917 1246 pelagus
936 1209 976 1234 se
994 1196 1155 1235 inclinat
1169 1205 1359 1249 apertum.

788 1261 820 1296 L
830 1262 871 1297 X
883 1262 903 1297 1
914 1262 945 1297 1.

255 1322 505 1374 Carpathium
522 1335 628 1361 mare
645 1331 883 1362 transvectus
897 1325 1068 1363 coenabis
1084 1325 1227 1364 Rhodi.
1266 1330 1269 1331 ’

774 1391 807 1425 L
820 1390 860 1426 X
870 1391 889 1426 1
900 1391 920 1427 1
932 1392 964 1426 Ι.

256 1450 404 1489 Judicis
420 1450 602 1489 Hortensi
620 1460 678 1490 est
693 1451 744 1489 ad
763 1463 851 1490 eam
869 1467 953 1491 rem
970 1461 1061 1491 nata
1077 1454 1266 1505 palaestra.

785 1520 818 1554 L
830 1519 869 1554 X
882 1519 901 1554 1
910 1520 959 1555 V.

202 1580 206 1587 “
252 1581 307 1618 Ut
324 1580 491 1631 praetori'
509 1579 648 1618 cohors
661 1609 673 1627 ,
691 1589 738 1618 ut
754 1581 896 1619 nostris
914 1582 1015 1619 dixit
1031 1581 1235 1634 haruspex.

801 1649 835 1684 L
844 1649 883 1683 X
890 1649 939 1683 V.

253 1708 448 1760 Principio
463 1710 737 1761 exitu'bdignus
748 1739 760 1756 ‚
778 1709 1043 1762 exodiumque
1063 1720 1259 1762 sequetur.

786 1777 819 1811 L
832 1776 914 1812 XV
922 1777 953 1812 I.

257 1839 397 1888 Magna
416 1850 541 1888 penus
560 1851 680 1888 parvo
700 1839 825 1890 spatio
846 1849 1077 1891 consumpta
1094 1841 1253 1892 peribit.

774 1905 806 1940 L
817 1904 856 1940 X
863 1907 899 1941 V
907 1906 927 1940 Ι
938 1905 970 1941 1.

258 1965 298 2002 Si
315 1965 387 2003 tibi
404 1979 521 2017 porro
538 1966 670 2004 isthaec
684 1967 977 2014 residcircoest
990 1969 1124 2017 cordi,
1140 1970 1250 2022 quod
1264 1984 1348 2009 rere
1363 1972 1513 2010 utilem.

256 2101 309 2133 55.
325 2101 473 2140 Nonius,
491 2109 530 2133 ut
548 2113 665 2145 supra,
683 2102 725 2135 ad
742 2102 800 2136 51.
950 2107 1005 2137 62.
1025 2107 1152 2138 Juuius
1174 2107 1414 2150 Phylargyrius
1437 2109 1475 2139 in
1492 2110 1552 2147 IV,

253 2154 308 2185 56.
333 2155 461 2186 Servius
490 2156 580 2187 Petri
605 2157 752 2188 Danielis
776 2157 851 2189 Au·
903 2161 1023 2202 Georg.
1042 2161 1163 2202 Virgil.

204 2207 289 2238 relii.
950 2212 1007 2242 63.
1027 2211 1188 2253 Porphyr.
1206 2211 1244 2242 in
1267 2213 1380 2242 Horat.
1398 2222 1496 2242 carm.
1514 2213 1551 2250 1,

253 2260 308 2300 57.
322 2262 357 2291 L.
376 2261 542 2303 Apuleius
558 2262 680 2293 Florid.
702 2262 760 2294 lib.
774 2265 832 2294 IV.
904 2263 958 2295 od.
977 2275 1030 2303 27.

252 2313 306 2344 58.
323 2314 435 2345 Julius
455 2314 664 2346 Rufinianus.
952 2318 1007 2352 64.
1021 2316 1142 2358 Porph.
1152 2317 1189 2347 in
1197 2316 1255 2346 lib.
1268 2318 1300 2353 1,
1313 2324 1400 2355 sat.⁷7
1414 2317 1554 2348 Horatii.

254 2365 308 2406 59·
325 2368 493 2399 Asconius
510 2368 685 2399 Paedianus
702 2369 739 2398 in
758 2368 850 2399 Divi-
952 2370 1007 2401 65.
1023 2372 1129 2400 Vetus
1142 2369 1246 2400 schol.
1262 2370 1299 2400 in
1311 2371 1432 2401 Juven.
1445 2378 1503 2402 sat.
1519 2373 1552 2402 3.

209 2423 275 2447 nat.
291 2419 397 2452 Cicer.
953 2422 1008 2451 66.
1026 2422 1182 2452 Priscian.
1200 2422 1258 2452 lib.
1272 2423 1320 2453 VI
1331 2434 1339 2452 :
1347 2434 1453 2464 penus
1467 2434 1555 2466 quo—

256 2469 310 2500 60·
327 2472 498 2512 Donatus,
513 2475 551 2505 in
568 2474 771 2505 Eunuchum
787 2475 850 2504 Te·
904 2484 970 2514 que
998 2480 1031 2503 et
1054 2474 1248 2512 masculini,
1271 2481 1303 2506 et
1325 2476 1499 2514 feminini,
1519 2482 1556 2507 et

211 2521 327 2558 rentii,
341 2531 401 2555 act.
413 2528 456 2565 V,
471 2538 518 2558 sc.
538 2538 571 2558 2.
904 2527 1014 2556 neutri
1030 2527 1167 2568 generis.
1196 2545 1199 2547 —

234 2572 704 2655 d61.Porphyrion‚inHorat.
715 2590 812 2611 carm.
824 2580 851 2617 1,
951 2579 1008 2618 67.
1027 2580 1158 2612 Nonius
1177 2591 1185 2611 :
1213 2581 1312 2614 Cordi
1333 2589 1396 2620 est,
1414 2581 1554 2614 honeste

212 2634 232 2654 o
259 2646 267 2654 .
285 2635 315 2664 7.
904 2630 1042 2661 dictum.
1215 2643 1223 2650 ·
