1846 3184
323 314 403 363 104

654 311 705 352 A.
747 310 1002 357 PERSII
1043 310 1298 354 FLACCI

377 394 437 434 Ut
461 407 588 435 nemo
611 392 657 434 in
679 407 768 435 sese
792 403 926 434 tentat
947 392 1230 435 descendere!
1256 392 1419 434 Nemo!

318 534 398 556 mus
420 522 767 568 oportet.—Ocima.
790 520 960 554 Ocimum

316 575 427 610 herba
442 574 621 608 odorifera
635 575 718 608 satis
731 582 814 621 uota
827 598 838 614 ,
853 585 960 619 quam

319 628 434 663 Graeci
452 630 614 671 βασιλικὸν
638 635 767 662 vocant
779 652 789 667 ‚
809 635 845 660 et
865 627 959 660 Galli

318 682 438 713 basilic.
458 679 547 721 Hic,
569 680 723 725 speciem
746 678 868 724 posuit
890 689 959 724 pro

316 746 468 780 genere3
492 745 623 780 nempe
649 733 775 766 herbas
799 731 936 766 olentes
949 755 959 772 ,

316 787 579 820 olera.—Bene
602 787 813 818 discincta...
835 797 959 817 ver-nce.

316 839 446 872 Veruae
459 838 548 873 olim
559 838 651 871 servi
666 837 765 871 domi
779 849 822 870 ex
834 836 959 870 ancilla

295 892 302 896 “
317 892 391 925 nati
405 917 415 934 ,
440 900 482 925 ut
508 891 665 926 vidimus
695 890 793 937 apud
823 891 956 927 Juven.

316 953 380 979 sat.
406 945 460 979 IX
474 969 484 986 ,
509 957 574 986 10,
593 953 629 978 et
656 944 793 978 dicaces
818 951 854 977 et
874 955 960 989 pro-

318 998 411 1032 tervi
442 998 549 1032 etiam
580 1006 681 1032 erant
699 1011 707 1029 :
739 996 837 1031 unde
852 1021 862 1039 ,
890 996 960 1030 hoc

315 1049 398 1084 loco
410 1073 420 1090 ,
436 1050 606 1082 discinctus
631 1062 738 1081 verna
751 1061 762 1080 .·
781 1060 863 1081 nam
890 1046 962 1081 (lis-

316 1103 455 1136 cinctus
476 1101 663 1135 dicebatur
691 1101 756 1147 qui
779 1100 962 1135 dissolutis

316 1156 480 1190 moribus
497 1155 648 1189 vivebat.
662 1153 749 1188 Vid.
768 1167 870 1201 supr.
891 1156 962 1186 Non

311 1212 417 1254 pudet
443 1211 490 1242 ad
521 1222 642 1242 morem
675 1209 822 1241 discincti
851 1210 960 1241 vivere

318 1272 429 1295 mactat.
449 1263 492 1296 A.
819 1256 826 1263 ι

367 1315 424 1349 23.
451 1319 492 1347 Ut
510 1329 602 1348 nemo
627 1317 659 1347 in
684 1328 748 1348 sese
770 1323 874 1347 tentae
890 1316 961 1346 des-

317 1371 498 1412 ‹·e11dere.']
516 1369 600 1409 Est,
619 1369 688 1401 hoc
715 1368 796 1401 loco
808 1392 819 1408 ,
838 1367 960 1412 inquit

318 1419 469 1452 casaub.
486 1418 657 1464 digressio
671 1417 832 1464 quaedam
848 1418 891 1451 ab
905 1418 960 1450 in-

316 1472 441 1506 stituta
450 1472 636 1506 insolentis
646 1471 789 1518 juvenis
801 1471 961 1516 increpa-

317 1524 437 1566 tione3
457 1526 560 1571 cujus
585 1524 811 1570 digressionis
832 1535 961 1569 scopus

316 1578 393 1626 peti
406 1577 515 1612 debet
527 1577 571 1611 ab
591 1577 726 1611 ultimis
739 1577 858 1611 verbis
870 1576 939 1609 illis
950 1601 961 1618 ,

316 1634 362 1664 sic
374 1633 514 1664 novimus
521 1656 532 1670 ‚
545 1640 603 1663 etc.
617 1630 691 1672 Ita,
706 1642 749 1663 ex
763 1629 963 1664 Casauboni

317 1683 491 1718 sententia
505 1707 515 1724 ‚
532 1683 562 1716 is
577 1683 646 1716 erit
662 1681 754 1716 ordo
767 1691 803 1716 et
815 1694 938 1716 sensus
951 1693 960 1714 ε

318 1750 413 1770 nemo
429 1739 462 1769 in
478 1749 542 1769 sese
559 1745 663 1769 tentae
676 1736 888 1772 descendam
907 1736 966 1767 sed

311 1791 516 1834 praecedenti
525 1797 687 1832 spectatur
702 1789 844 1820 mantica
860 1797 962 1831 eergo,

318 1841 386 1887 (Id
413 1842 600 1875 confirmat
626 1840 841 1887 exemplo),
860 1840 963 1875 verbi

318 1895 428 1941 gratia
438 1919 448 1935 ,
463 1894 491 1927 si
504 1894 686 1940 quaesieris
700 1906 707 1926 :
722 1893 864 1927 nostine
873 1895 964 1927 Vec-

318 1946 386 1981 nidi
400 1946 560 1993 praedia?
576 1947 702 1992 Cujus,
718 1946 839 1992 inquit
853 1958 963 1992 quem

316 1998 539 2047 interrogas?
553 1999 668 2041 illius,
682 1997 897 2044 respondes,
911 1998 964 2032 di-

317 2053 444 2087 tissimi
464 2052 526 2098 qui
537 2077 548 2093 ,
562 2059 630 2085 etc.
651 2054 762 2090 Hunc,
779 2053 843 2090 ais,
859 2053 962 2090 hunc,

318 2105 500 2145 exclamat,
512 2104 588 2137 Diis
598 2103 693 2137 iratis
703 2103 880 2149 genitum,
889 2104 962 2150 qui,

317 2166 384 2192 etc.
401 2157 596 2204 (Sequitur
613 2157 750 2202 egregia
765 2155 960 2203 descriptio

316 2211 412 2246 avari
434 2210 590 2245 hominis
618 2218 654 2244 et
673 2209 809 2244 sordidi
834 2209 877 2243 ab
900 2222 960 2243 eo·

317 2264 399 2299 dem
407 2288 534 2298 .....
555 2267 603 2296 At
626 2273 680 2303 tu,
709 2264 842 2309 (poeta
862 2274 960 2297 nunc

316 2318 485 2365 loquitur
502 2319 516 2363 )
545 2317 574 2351 si
603 2326 736 2351 unctus
763 2329 876 2350 cesses
893 2341 902 2356 ,
927 2324 963 2350 et

315 2371 402 2418 figas
415 2371 452 2405 in
467 2379 551 2405 cute
565 2370 674 2404 solem
687 2394 698 2410 ,
715 2368 755 2403 id
773 2378 825 2404 est
837 2394 849 2411 ,
863 2370 893 2403 si
906 2369 965 2404 de-

316 2425 420 2459 licate
429 2437 468 2458 ac
482 2424 639 2458 molliter
649 2423 757 2465 vivas,
770 2423 838 2457 erit
849 2434 964 2469 prope

317 2485 352 2511 te
364 2478 511 2524 ignotus
521 2502 532 2516 ,
547 2477 610 2523 qui
624 2477 661 2510 in
676 2475 868 2510 dissolutos
881 2484 963 2509 tuos

316 2542 434 2564 mores
447 2530 638 2564 invehetur
652 2529 843 2575 (sequitur
854 2541 874 2562 a
887 2541 965 2563 ver·

317 2595 359 2616 su
376 2582 417 2616 35
434 2595 548 2629 usque
564 2581 610 2616 ad
629 2586 671 2624 42
692 2581 870 2616 luxuriosi
883 2580 963 2615 des-

318 2634 449 2679 criptio
470 2647 489 2668 a
514 2638 621 2680 po'e'ta
631 2635 656 2680 )
679 2635 732 2667 Ex
754 2634 824 2668 hoc
846 2646 964 2668 exem-

317 2686 380 2733 plo
392 2687 498 2722 infert
509 2691 615 2735 pocta
628 2700 636 2722 :
653 2689 804 2722 coedimus
815 2688 863 2735 (v.
878 2687 963 2734 43),

1012 522 1111 563 inque
1121 522 1406 562 vicempra'bemus
1413 531 1513 552 crura
1519 521 1656 564 sagittis,

1011 573 1098 606 alios
1116 573 1315 619 carpimus,
1333 581 1369 607 et
1387 573 1540 607 vicissim
1554 573 1598 606 ab
1611 573 1655 607 iis

1011 626 1214 671 carpimur:
1235 627 1356 658 vivitur
1381 627 1442 659 Ιιοσ
1461 635 1560 669 paceo
1571 651 1580 664 ‚
1604 626 1654 660 sic

1011 690 1048 712 se
1079 678 1185 712 habet
1219 677 1376 712 mundus
1394 703 1405 720 ‚
1433 680 1518 713 ainsi
1548 692 1598 711 va
1627 680 1656 710 Ie

1013 733 1137 763 monde.
1152 730 1210 764 Sic
1220 755 1229 770 ‚
1245 732 1268 764 ὁ
1281 729 1481 764 Alcibiades
1492 756 1503 773 ‚
1518 730 1576 765 vel
1589 742 1656 777 po·

1014 784 1104 824 tius,
1121 785 1143 817 ὸ
1158 783 1254 816 Nero
1265 808 1276 825 ,
1291 792 1321 815 te
1338 785 1478 816 novimus
1494 785 1551 828 (v.
1567 783 1653 828 43);

1012 837 1078 870 hac
1090 845 1165 870 arte
1178 836 1329 877 scilicet,
1341 836 1410 870 hoc
1422 849 1542 871 amore
1552 848 1657 876 caecO,

1012 902 1087 936 quo
1094 889 1245 936 quisque
1256 901 1319 923 sua
1325 890 1411 924 vitia
1418 890 1658 937 amplectitur,

1011 952 1120 989 atque
1133 968 1144 985 ‚
1173 943 1238 976 hfic
1265 942 1400 976 nefaria
1428 943 1633 978 curiositate
1647 968 1657 985 ,

1014 999 1084 1043 qua
1113 996 1266 1042 quisque
1295 995 1447 1044 aliorum
1476 996 1561 1030 vitia
1589 996 1659 1030 ins-

1013 1050 1121 1096 picit,
1135 1058 1171 1083 et
1184 1045 1404 1095 malignitate
1417 1050 1488 1096 qua
1499 1049 1555 1084 vel
1567 1057 1660 1084 tecta

1015 1102 1167 1148 detegit,
1194 1111 1228 1136 te
1243 1127 1254 1143 ,
1285 1115 1492 1149 quanquam
1521 1106 1659 1137 summa

1016 1156 1063 1189 sis
1072 1156 1164 1202 pelle
1174 1155 1326 1189 decorus
1334 1180 1345 1198 ,
1356 1167 1562 1202 quanquam
1570 1157 1659 1190 vana

1013 1209 1209 1243 verborum
1229 1209 1455 1243 affectatione
1475 1209 1577 1243 nobis
1593 1209 1659 1243 ho-

1015 1262 1072 1296 die
1094 1262 1217 1296 fucum
1243 1262 1357 1296 facere
1379 1270 1517 1304 tentes,
1532 1270 1590 1302 te,
1605 1261 1660 1295 in-

1014 1327 1121 1361 quam
1133 1339 1143 1357 ,
1154 1315 1340 1357 novimus3
1354 1316 1410 1348 ilia
1421 1317 1531 1348 subter
1541 1316 1662 1348 vulnus

1013 1380 1133 1400 caecum
1155 1369 1272 1407 habes,
1292 1378 1351 1401 etc.
1362 1392 1389 1401 ..
1401 1393 1409 1400 .
1427 1367 1522 1402 Huic
1544 1367 1659 1414 expli-

1013 1421 1166 1463 cationi,
1185 1429 1309 1454 nostro
1328 1420 1580 1468 qualicumque
1600 1422 1661 1468 ju·

1014 1472 1110 1507 dicio
1121 1499 1132 1514 ,
1151 1481 1360 1507 contortum
1379 1473 1551 1520 quiddam
1562 1473 1661 1508 vide-

1015 1534 1085 1559 tur.
1099 1525 1182 1560 Haec
1196 1526 1393 1560 casauboni
1405 1525 1575 1573 digressio
1590 1538 1662 1560 ser-

1016 1591 1160 1612 monem
1172 1578 1341 1625 impedit;
1357 1591 1423 1613 nec
1435 1577 1525 1613 adeo
1539 1590 1660 1612 neces-

1017 1632 1105 1666 saria
1136 1641 1190 1666 est
1218 1645 1395 1667 novarum
1423 1644 1660 1679 personarum

1015 1685 1236 1720 introductio
1251 1711 1261 1726 ‚
1287 1686 1374 1732 quin
1390 1711 1400 1726 ,
1427 1687 1467 1719 ea
1501 1685 1628 1719 omiss&
1648 1710 1659 1727 ,

1015 1751 1132 1773 sermo
1160 1752 1262 1786 aeque
1288 1738 1386 1773 fluat.
1419 1740 1476 1773 Ita
1502 1747 1659 1774 nostram

1015 1805 1113 1826 nunc
1139 1792 1431 1838 explicationem,
1451 1804 1530 1839 quae
1552 1791 1602 1826 sic
1624 1803 1661 1825 se

1015 1846 1132 1885 habet,
1139 1857 1405 1892 proponemus:
1417 1854 1459 1879 ut
1468 1856 1576 1878 nemo
1586 1853 1663 1879 ten·
1680 1870 1685 1875 .

1015 1906 1066 1932 tat
1079 1898 1116 1931 in
1135 1910 1171 1931 se
1191 1896 1429 1931 descendere!
1445 1896 1527 1938 sed,
1545 1905 1614 1932 etc.
1631 1897 1662 1930 si

1016 1951 1096 1998 quis
1108 1975 1119 1992 ,
1133 1952 1156 1984 ὁ
1175 1949 1376 1984 Alcibiades
1386 1974 1397 1991 ‚
1410 1958 1444 1984 te
1463 1950 1662 1997 interroga-

1015 2003 1107 2037 verit
1118 2016 1126 2036 :
1140 2004 1256 2036 ηοω-ὑί
1268 2002 1548 2046 Veceidfproedia?
1558 2005 1662 2048 cujus,

1015 2055 1135 2102 inquis
1147 2055 1163 2089 Ρ
1175 2056 1307 2095 Divitis,
1324 2056 1429 2090 istius
1440 2080 1452 2098 ,
1464 2054 1663 2102 respondet

1014 2108 1124 2148 alter,
1139 2110 1198 2151 qui
1214 2118 1292 2141 arae
1309 2110 1462 2148 curibus,
1477 2116 1545 2142 etc.
1566 2109 1662 2152 hujus

1014 2161 1185 2194 exclamas
1198 2185 1209 2203 ,
1227 2163 1323 2206 hujus
1344 2161 1429 2207 qui,
1447 2170 1515 2196 etc.
1533 2169 1570 2195 et
1592 2168 1661 2194 sta-

1014 2214 1080 2247 tim
1097 2214 1135 2247 in
1148 2214 1296 2248 Vectidi
1316 2215 1499 2249 avaritiam
1516 2214 1662 2249 invehe-

1013 2266 1085 2300 ris:
1103 2274 1138 2300 at
1156 2274 1214 2307 tu,
1228 2267 1291 2314 qui
1310 2267 1397 2301 alios
1420 2276 1492 2302 tam
1508 2267 1662 2314 maligue

1018 2317 1192 2353 describis
1203 2344 1215 2362 ,
1226 2321 1255 2352 si
1270 2329 1384 2352 unctus
1399 2332 1516 2359 cesses,
1529 2319 1560 2353 si
1577 2319 1665 2354 deli-

1017 2372 1131 2406 catule
1165 2380 1200 2406 et
1229 2372 1417 2407 luxuriose
1448 2372 1549 2407 vivas
1572 2385 1583 2416 ;
1619 2383 1666 2406 esc

1011 2438 1114 2468 prope
1132 2434 1163 2458 te
1181 2426 1307 2469 ignotus
1315 2449 1326 2464 ,
1340 2426 1448 2458 cubito
1463 2426 1524 2468 qui
1539 2435 1570 2458 te
1587 2434 1661 2458 ean-

1013 2487 1093 2521 gat,
1113 2485 1149 2511 et
1167 2484 1202 2511 te
1215 2473 1349 2523 pariter
1363 2475 1508 2512 mollem
1525 2487 1561 2512 et
1575 2478 1662 2512 effe-

1016 2530 1194 2564 minatum
1215 2529 1405 2564 describat.
1421 2554 1429 2563 .
1446 2555 1455 2564 .
1469 2556 1478 2564 .
1507 2532 1664 2564 Caedimus

1016 2584 1115 2625 inque
1127 2583 1232 2615 vicem
1242 2607 1254 2621 ,
1267 2592 1325 2615 etc.
1345 2584 1467 2615 Vivitur
1478 2583 1539 2615 hoc
1548 2592 1659 2626 pacto.

1016 2636 1084 2674 Sic,
1100 2634 1165 2668 hic
1176 2643 1272 2676 arte,
1284 2635 1306 2668 ὂ
1319 2634 1517 2669 Alcibiades
1532 2636 1546 2680 (
1554 2638 1576 2669 ὁ
1589 2636 1662 2669 Ne-

1015 2689 1105 2735 ro),
1119 2697 1150 2723 te
1161 2690 1302 2723 novimus
1310 2714 1323 2739 ³.
1336 2697 1394 2724 etc.
1407 2713 1415 2722 .
1426 2713 1434 2722 .
1445 2713 1453 2723 .
1470 2692 1520 2723 On
1536 2691 1593 2724 bat
1602 2699 1660 2722 son
