1846 3184
294 322 380 364 260
553 322 603 364 C.
648 321 914 366 LUCILII
941 324 1370 389 ‘FRAGMENTA

839 452 1091 465 mmm

470 535 563 579 EX
597 535 819 579 LIBRO
857 537 963 581 VII
1005 537 1446 583 SATIRARUM.

946 646 979 682 Ι.

344 711 454 748 Hanc
473 709 543 745 ubi
558 707 643 745 vult
658 707 759 746 male
777 707 918 746 habere
930 737 941 755 ‚
961 708 1097 747 ulcisci
1115 723 1187 761 pro
1203 710 1347 750 scelere
1365 711 1449 762 ejus
1462 741 1474 760 ‚

345 778 499 812 Testam
518 773 638 810 sumit
655 772 775 810 homo
794 773 960 810 Samiam
973 801 984 819 ,
1003 774 1155 825 sibique
1170 775 1277 814 illico
1292 775 1372 814 telo

343 839 524 878 Praecidit
541 838 717 885 caulem,
737 846 932 889 testesque
949 837 1028 876 una
1045 849 1221 890 amputat
1237 841 1368 880 ambo.

568 896 572 900 “
934 905 952 940 1
964 905 996 940 1.

345 969 459 1014 Dixi,
476 969 525 1007 ad
546 968 783 1020 principium
799 969 915 1006 venio
926 997 936 1015 ,
954 968 1126 1024 vetulam
1140 977 1258 1020 atque
1271 967 1438 1008 virosam

342 1038 515 1074 Uxorem
535 1033 681 1071 caedam
700 1033 831 1084 potius
845 1061 856 1079 ‚
876 1047 994 1085 quam
1015 1042 1180 1071 castrem
1197 1042 1351 1086 egomet
1367 1048 1444 1072 me.

924 1101 942 1136 Ι
954 1101 972 1136 Ι
985 1100 1017 1135 Ι.

342 1167 421 1213 Qui
439 1174 477 1203 te
497 1165 646 1216 diligit,
663 1165 764 1203 aetati
785 1165 960 1216 facieque
978 1173 1055 1202 tuae
1074 1177 1114 1203 se

342 1233 553 1270 Fautorem
573 1230 749 1269 ostendat
761 1259 772 1277 ,
793 1230 876 1268 fore
896 1230 1068 1267 amicum
1090 1228 1332 1281 polliceatur.

927 1297 945 1331 I
955 1297 1002 1333 V.

341 1360 480 1411 Aptari
499 1368 616 1410 caput
629 1389 639 1399 .
655 1368 773 1411 atque
794 1372 925 1397 comas
942 1358 1094 1396 fluitare
1112 1370 1299 1410 capr-onas

342 1424 453 1463 Altas
464 1453 474 1471 ‚
494 1424 689 1463 frontibus
709 1424 902 1462 immissas
913 1454 924 1471 ‚
942 1432 988 1461 ut
1002 1437 1088 1462 mos
1106 1423 1181 1460 fuit
1196 1423 1285 1460 illis.

942 1490 991 1524 V.

350 1580 601 1592 ..........
621 1555 829 1591 Servorum
849 1561 910 1590 est
929 1552 1041 1589 festu’
1062 1551 1144 1588 dies
1164 1551 1229 1589 hic
1241 1581 1252 1598 ‚

342 1622 473 1667 Quem
491 1618 606 1670 plane
625 1617 849 1656 hexametro
863 1629 979 1654 versu
995 1628 1077 1654 non
1094 1615 1222 1653 dicere
1241 1616 1379 1667 possis».¹

925 1683 960 1718 V
970 1682 1002 1718 Ι.

342 1748 501 1795 Rador‚
521 1746 742 1794 subveunt,
761 1746 995 1798 desquamor
1008 1774 1019 1792 ‚
1039 1744 1220 1797 pumicor
1235 1773 1246 1792 ‚
1265 1758 1404 1794 omor,

342 1813 526 1865 Expilor‚
545 1813 698 1863 pingor.

912 1876 951 1911 ·V
960 1875 979 1910 I
992 1875 1024 1910 Ι.

343 1940 548 1978 Hunccine
567 1952 639 1990 ego
655 1952 833 1990 unquam
847 1937 1068 1990 Hyacinthe
1087 1936 1288 1975 hominem
1304 1935 1621 1989 Cortinipotentis

344 2003 506 2043 Deliciis
524 2002 738 2040 contendi?

892 2058 928 2092 V
938 2057 956 2091 I
968 2056 986 2091 I
1001 2057 1032 2091 Ι.

344 2122 530 2173 Quinque
548 2120 666 2158 hastae
679 2149 689 2167 ‚
710 2119 869 2157 aureolo
889 2119 1020 2156 cinctu
1039 2119 1199 2157 rorariu’
1218 2119 1343 2157 velox.

347 2257 362 2277 1
371 2269 379 2277 .
394 2246 546 2277 Nonius:
560 2244 703 2276 Samium
716 2250 850 2275 acutum
859 2265 868 2281 ‚
882 2253 946 2273 un·
999 2253 1112 2279 comae,
1122 2253 1197 2283 quae
1209 2249 1285 2273 ante
1298 2242 1439 2274 fromem
1453 2249 1541 2282 sunt,
1551 2244 1646 2285 quasi

296 2299 338 2331 de
356 2306 389 2330 et
403 2297 545 2330 samiare
561 2297 686 2328 dieitur
698 2307 815 2327 acuere
827 2318 837 2334 ‚
851 2295 944 2337 quod
997 2305 1016 2325 a
1031 2294 1139 2336 capite
1155 2305 1280 2335 prouae.

293 2354 332 2384 in
351 2354 445 2384 Samo
462 2351 528 2382 hoc
547 2362 652 2393 genus
668 2350 746 2381 artis
762 2349 895 2391 polleat.
1047 2348 1076 2378 5.
1101 2346 1312 2388 Porphyrion
1332 2348 1368 2378 in
1387 2349 1501 2378 Horat.
1523 2355 1581 2379 sat.
1605 2350 1645 2387 5,

346 2417 378 2437 2.
398 2406 548 2437 Nonius:
570 2403 871 2441 Virosae-mulieres,
894 2402 945 2433 di·
995 2400 1054 2431 lib.
1069 2402 1106 2431 1:
1126 2400 1345 2441 Equotutium
1360 2400 1533 2442 significat.

295 2467 423 2491 cuntur
439 2459 590 2490 virorum
609 2464 811 2499 appetentes.
1045 2455 1077 2485 6.
1096 2454 1227 2486 Nonius
1237 2476 1246 2492 ‚
1261 2455 1482 2495 Desquumat,
1500 2455 1647 2496 squamis

347 2514 379 2544 3.
399 2514 442 2544 A.
460 2512 588 2543 Gellius
601 2534 612 2551 ‚
628 2511 687 2542 lib.
707 2512 755 2541 IX
767 2533 776 2548 ,
790 2520 860 2551 cap.
884 2513 924 2545 14
938 2519 945 2539 :
999 2507 1168 2550 exspoliat.

298 2568 339 2596 In
353 2577 432 2596 casu
447 2572 557 2596 autem
570 2564 688 2602 dandi,
701 2564 762 2605 qui
774 2562 949 2605 purissime
1049 2572 1080 2601 7.
1099 2561 1230 2593 Nonius
1245 2572 1252 2592 :
1274 2561 1470 2592 contendere
1483 2560 1647 2603 significat

297 2617 405 2648 locuti
428 2624 507 2649 sunt
520 2640 529 2655 ‚
550 2628 622 2648 nou
634 2616 760 2659 faciei,
787 2616 837 2648 uti
856 2626 949 2647 nunc
1001 2615 1650 2658 comparare-Coninipotentis,Apollinis.

294 2669 422 2700 dicitur
432 2693 440 2708 ‚
453 2671 510 2702 sed
517 2669 608 2709 facie
622 2670 793 2701 dixerunt.
1050 2670 1082 2700 8.
1107 2668 1238 2700 Nonius
1254 2680 1262 2699 :
1285 2668 1415 2699 florarii
1439 2668 1647 2710 appellantur

349 2727 380 2758 4·
410 2724 541 2770 Nomas
565 2735 573 2756 ε
600 2724 759 2768 caprona.
787 2722 950 2758 dicuntur
1001 2722 1141 2763 milites,
1161 2722 1224 2766 qui
1245 2728 1320 2755 ante
1345 2720 1446 2766 quiam
1463 2730 1652 2766 congresse
