1846 3184
481 260 571 309 Ex
603 258 821 329 muno
839 257 1181 303 axsxl'nt.

1420 263 1506 320 267

217 344 336 393 Quod
352 355 536 390 maneus,
550 342 689 388 miser,
708 340 821 379 exilis
834 369 846 387 ,
863 340 1007 380 ramice
1021 353 1177 392 magno.

740 406 824 443 XV
832 407 851 442 I
864 407 883 442 1
895 407 929 443 1.

217 472 375 524 Ari-ipio
393 479 583 517 metrum,
601 469 801 521 labiasque
818 468 938 521 hujus
956 469 1126 520 Zephyri
1140 497 1152 515 ,
1170 476 1290 521 atque
1306 469 1361 507 im

220 537 396 575 Pei-cutio
405 564 421 583 ,
433 535 663 586 deuteisque
677 534 859 591 adversos
877 535 1034 572 excutio
1052 547 1199 572 omnes.

681 627 684 630 -
768 600 808 636 X
819 600 839 635 Ι
850 600 903 637 X.

218 666 317 702 Nam
330 663 490 702 laterem
504 663 574 714 qui
591 663 723 709 ducit,
739 662 858 700 habet
871 662 971 700 nihil
984 661 1154 727 ααιὲῑίιιε
1167 676 1341 714 unquam
1350 692 1364 709 ‚

218 730 346 776 Quam
362 740 570 765 commune
586 727 716 764 lutum
732 740 754 764 e
771 726 913 777 paleis,
932 739 1166 778 coenumque
1182 735 1390 765 aceramm.

788 793 827 828 X
839 793 890 828 X.

219 856 260 895 Si
276 855 376 894 nihil
394 856 444 893 ad
463 856 626 901 faciem5
644 864 683 892 et
702 855 832 892 solum
850 855 943 906 lupa
956 884 967 902 ,
987 855 1329 907 prostibulumque

217 919 379 957 Nummi
399 932 500 970 opus
518 928 635 970 atque
652 919 760 956 assis.

768 984 903 1020 XXI.

230 1074 502 1083 ...........
522 1045 628 1093 Quid
646 1059 719 1098 ego
731 1075 743 1093 ,
763 1047 795 1084 si
815 1060 931 1084 cerno
950 1055 1075 1085 ostrea
1088 1076 1099 1094 ‚

220 1110 431 1167 Coguoriui
445 1109 608 1148 fluvium
622 1140 634 1158 ,
650 1110 791 1148 limum
807 1124 852 1148 ac
870 1124 1027 1150 coenun
1044 1125 1178 1162 sapere
1192 1112 1323 1162 ipsum
1334 1114 1351 1148 ἐ’

752 1176 793 1212 X
804 1178 845 1213 X
856 1177 874 1211 Ῑ
886 1177 917 1212 Ῑ.

218 1238 507 1287 frumentarius
522 1247 581 1276 est
590 1268 602 1286 ‚
619 1239 799 1277 modium
813 1239 878 1276 hic
895 1253 1029 1277 secum
1043 1248 1160 1291 atque
1176 1240 1366 1278 rutellum

218 1303 306 1340 Una
321 1302 448 1340 affert.

743 1370 782 1406 X
794 1371 835 1406 X
843 1370 863 1405 1
875 1371 894 1406 Ι
905 1371 925 1405 Ι

227 1459 741 1469 ....................
758 1432 1179 1470 ..........Labora

216 1496 375 1534 Discere
385 1525 398 1543 ,
415 1509 466 1534 ue
481 1504 521 1534 te
540 1508 603 1534 res
617 1496 701 1546 ipsa
712 1524 724 1542 ,
739 1509 785 1533 ac
800 1497 901 1534 ratio
918 1497 1000 1547 ipsa
1014 1496 1181 1534 refellat.

746 1562 787 1597 X
798 1563 839 1599 X
850 1563 869 1598 1
879 1563 925 1597 V.

218 1624 367 1676 Rugosi
384 1624 564 1675 passique
580 1637 692 1662 senes
706 1624 844 1662 eadem
862 1625 992 1662 omnia
1010 1632 1202 1675 quaerunt.

733 1689 772 1725 X
784 1689 823 1724 X
836 1689 876 1723 X
884 1690 933 1723 V.

219 1753 279 1788 Tu
295 1751 395 1788 milli
412 1752 621 1789 nummum
640 1760 754 1802 potes
770 1764 852 1789 uno
870 1764 1045 1802 quaerere
1063 1759 1235 1788 centum.

218 1897 271 1928 18.
300 1898 430 1928 Nonius
450 1909 458 1927 :
494 1898 641 1927 Rostrum
672 1897 817 1928 hominis

168 1949 372 1987 diei.—-lm‚
386 1950 421 1980 id
439 1957 508 1987 est,
526 1961 615 1980 eum.

219 2012 271 2042 ¹9·
290 2002 440 2034 Nonius:
456 2003 632 2033 Acer-osum
647 2009 681 2033 et
696 2014 816 2034 acera-

167 2062 235 2086 wm
261 2061 438 2096 utrumque
466 2065 555 2097 nove
576 2056 740 2097 positum,
758 2057 815 2088 sed

165 2107 305 2138 distante
321 2107 522 2150 proprietate
539 2107 714 2150 signatum.
726 2110 815 2140 Ace-

160 2170 278 2191 ·rosum
299 2171 441 2202 namque
466 2171 585 2202 panem
602 2161 686 2192 farre
706 2162 816 2206 miuus

164 2221 306 2257 purgato
316 2237 325 2253 ,
338 2225 400 2245 uec
413 2215 567 2246 sordibus
579 2226 598 2245 a
610 2216 753 2248 candido
764 2228 815 2248 se—

166 2274 280 2308 parato
288 2267 466 2299 dicendum
472 2275 596 2299 veteres
602 2276 813 2311 putaverunt.

166 2320 343 2352 Aea-atum
354 2332 432 2352 vero
444 2328 492 2352 est
503 2320 611 2352 lutum
623 2322 726 2364 paleis
738 2324 815 2354 mis-

168 2377 240 2402 tum
249 2394 260 2410 ‚
271 2381 310 2404 ut
323 2373 467 2406 laterarii
481 2386 560 2406 usus
572 2383 630 2406 est.

216 2434 271 2455 20.
280 2426 368 2458 Nou.
384 2428 526 2459 Genitiv.
537 2429 664 2470 positus
675 2439 738 2470 pro
750 2428 813 2459 ahl.

218 2486 274 2507 21.
293 2478 380 2512 Non.
400 2482 530 2519 Ostrea,
547 2481 676 2524 generis
691 2482 811 2512 neutri.

168 2531 290 2563 Juveu.
305 2538 364 2562 sat.
379 2535 478 2566 VIII:

109 2593 113 2598 ·
170 2585 270 2619 Dignus
279 2593 360 2611 mone
368 2589 532 2621 perigeoenet
539 2590 601 2616 licet
610 2597 692 2616 ostrea
702 2596 813 2616 centnm·

212 2647 230 2666 2
236 2630 630 2679 2.Non.Rutrum‚dictu1u
636 2653 654 2673 a
662 2641 815 2673 radendo.

918 1897 973 1928 23.
992 1897 1144 1929 Nonius.
1161 1897 1292 1928 Discere
1306 1905 1353 1930 eet
1368 1899 1517 1942 ignotam

867 1960 937 1981 rem
955 1949 1147 1982 meditando
1161 1951 1300 1992 assequi.

916 2008 971 2039 24.
988 2004 1136 2034 Nonius:
1149 2005 1302 2042 Passum,
1319 2011 1368 2036 est
1382 2007 1517 2048 proprie

867 2066 1026 2101 rugosum
1043 2057 1097 2087 vel
1114 2058 1248 2088 siceum.

915 2109 970 2140 25.
992 2110 1033 2140 A.
1056 2110 1206 2150 Gellius,
1225 2110 1284 2141 lib.
1307 2113 1344 2148 Ι,
1365 2122 1436 2152 cap.
1458 2112 1518 2142 16:

870 2163 939 2193 Uno
953 2163 1037 2194 milli
1050 2163 1217 2195 nummdm
1226 2187 1238 2201 ,
1254 2175 1317 2206 pro
1336 2165 1411 2194 unis
1426 2164 1518 2194 mille

866 2217 1009 2247 nummis
1023 2228 1032 2246 τ
1054 2225 1232 2259 aperteque
1261 2216 1407 2247 ostendit
1431 2216 1521 2247 mille

866 2276 900 2300 et
911 2269 1112 2300 vocabulum
1131 2280 1198 2299 esse
1207 2291 1217 2306 ,
1230 2275 1262 2298 et
1278 2268 1439 2310 singulari
1451 2279 1521 2299 nu-

866 2334 957 2353 mero
976 2323 1060 2360 dici,
1077 2322 1212 2363 ejusque
1229 2322 1435 2363 plurativum
1450 2333 1520 2353 esse

867 2376 988 2412 millia,
1004 2382 1037 2406 et
1053 2386 1163 2406 casum
1182 2376 1282 2406 etiam
1297 2386 1414 2418 capere
1428 2376 1521 2407 abla-

866 2430 994 2466 tivum3
1008 2439 1117 2470 neque
1134 2436 1271 2461 caeteros
1285 2440 1380 2461 casus
1394 2431 1520 2472 requiri

866 2487 1021 2523 oportere
1038 2503 1047 2518 ‚
1072 2480 1149 2511 eum
1176 2481 1244 2512 sint
1273 2482 1337 2513 alia
1363 2482 1523 2526 pleraque

866 2534 1048 2573 vomhuh3
1065 2545 1139 2576 qnae
1159 2535 1198 2566 in
1218 2536 1370 2579 singulos
1390 2544 1519 2569 tanum

868 2599 982 2626 casus,
996 2589 1147 2630 quaedam
1163 2590 1262 2622 etiam
1273 2613 1282 2630 ,
1298 2601 1372 2634 quae
1387 2590 1426 2624 in
1437 2590 1516 2623 unl-

868 2642 939 2674 lum
954 2642 1171 2675 declinentur.
