1846 3184
335 298 394 341 36
679 299 730 340 A.
763 298 1007 340 PERSII
1049 298 1299 341 FLACCI

765 394 1220 422 ADVERSARIU&

393 455 476 497 Sed
500 454 605 512 quid
630 470 738 514 opus
762 466 923 498 teneras
948 456 1135 498 mordaci
1158 456 1305 498 radere
1324 471 1427 499 vero

388 530 642 573 Auriculas?
659 531 791 585 Vide,
815 533 896 586 sis,
920 548 974 574 ne
998 533 1206 589 maj0rum
1230 533 1310 575 tibi
1329 533 1438 576 forte

388 607 558 648 Limina
579 606 815 664 frigescant.

853 680 876 706 ι»
893 681 918 707 13
938 681 965 708 n
983 681 1002 708 s
1019 681 1036 707 1
1053 681 1081 707 u
1099 681 1134 708 s.

822 746 955 788 Sonat
977 746 1049 788 hic
1071 747 1126 789 de
1149 762 1252 789 nare
1272 748 1427 791 canina

391 821 561 868 Littera,
577 821 658 863 Per
673 835 741 863 me
757 820 957 878 equidem
974 822 1060 863 sint
1073 823 1217 864 omnia
1232 823 1427 881 protinus
1443 823 1537 865 alba
1548 855 1561 876 ,
1594 841 1663 864 no

331 945 464 991 scabit3
491 946 592 995 qnod
622 946 789 980 omnibus
814 954 942 980 notum
958 960 967 981 :

330 1001 430 1036 unde
447 1013 520 1035 non
536 999 669 1033 mirum
682 1024 693 1041 ‚
707 999 735 1032 si
753 1011 946 1032 exsuccum
959 1024 970 1041 ‚

331 1067 462 1089 enerve
482 1060 517 1087 et
536 1053 678 1086 elumbe
698 1063 839 1085 carmen
858 1051 971 1085 Nero-

329 1107 386 1140 nis
404 1113 479 1148 est;
497 1106 579 1139 etim
593 1129 604 1147 ‚
620 1105 696 1138 sine
715 1103 855 1137 delectu
869 1129 879 1145 ‚
897 1104 974 1138 sine

329 1158 469 1198 labore,
484 1157 559 1190 sine
571 1156 746 1190 anxietate
759 1155 869 1189 animi
881 1167 976 1189 com-

329 1210 493 1257 positum
520 1209 642 1243 suerit.
663 1229 709 1234 -
726 1210 794 1241 Nec
815 1210 973 1240 demorsos

329 1264 416 1306 sapic
427 1275 558 1306 ungues.
572 1260 681 1303 Quod
693 1260 780 1295 boni
793 1264 907 1306 poe'tae
920 1272 973 1293 so-

330 1315 421 1349 lent.
434 1315 558 1348 Horat.
572 1313 710 1348 sat.1ib.
724 1313 755 1354 I,
771 1325 821 1346 10.
835 1313 919 1346 L.et
929 1313 969 1345 P.

382 1379 462 1413 107.
483 1369 548 1399 Sed
556 1367 640 1409 quid
648 1378 726 1408 opus
736 1392 747 1405 ,
766 1365 835 1411 eta]
855 1366 973 1399 Ratio-

331 1433 396 1455 nes
413 1432 491 1454 suas
510 1432 529 1453 a
547 1418 668 1453 Persio
682 1419 794 1452 elusas
812 1431 901 1464 aegre
921 1419 972 1452 fe-

331 1485 415 1507 rens
433 1471 651 1506 adversarius
667 1470 787 1504 'minas
811 1470 971 1504 adhibet.

332 1547 380 1553 -—
393 1529 535 1558 Teneras.
546 1550 554 1557 .
564 1549 572 1556 .
583 1549 592 1556 .
618 1525 794 1556 auriculas.
821 1523 974 1557 Neronis

334 1586 370 1612 et
384 1577 601 1623 principum.
609 1596 656 1601 -
663 1577 819 1608 Mordaci.
829 1600 837 1607 .
847 1600 855 1607 .
865 1599 873 1607 .
883 1588 976 1608 vero.

333 1633 378 1665 Τὸ
398 1631 508 1670 ἀληθὲς
523 1630 654 1676 πικρόν,
673 1629 774 1662 aiunt
792 1624 976 1662 Graeci.—

334 1682 468 1715 Radere.
481 1681 689 1727 Metaphora
701 1692 720 1713 a
733 1680 895 1721 medicis,
911 1680 974 1726 qui

334 1735 483 1769 vulnera
495 1732 643 1780 putrida
659 1732 776 1766 cultro
789 1731 922 1768 radunt
934 1744 975 1766 ac

334 1795 504 1833 purgant.
522 1786 563 1818 P.

386 1839 461 1872 108.
475 1840 571 1877 Vide,
581 1839 646 1884 εἰς]
662 1841 719 1878 Sis,
729 1837 874 1885 antiqua
882 1837 978 1871 locu-

335 1891 390 1937 tio
404 1902 472 1937 pro
485 1892 513 1922 si
523 1892 576 1922 vis
586 1915 597 1929 ‚
609 1898 651 1923 ut
667 1893 756 1923 sodes
765 1914 776 1929 ‚
790 1902 858 1935 pro
875 1891 903 1922 .ςί
916 1902 978 1922 au·

337 1947 401 1977 des.
411 1964 457 1969 —
468 1946 514 1976 Ne
535 1946 693 1988 majorum
716 1945 782 1975 tibi.
795 1967 802 1975 .
814 1968 821 1975 .
833 1968 841 1975 .
867 1945 980 1975 limina

328 1998 524 2041 frigescant.
545 1996 648 2029 Time
673 1996 914 2043 potentiores,
933 2008 978 2029 ne

339 2048 389 2084 ita
406 2049 562 2083 offensos
577 2049 724 2091 habeas,
741 2057 782 2083 ut
801 2048 929 2095 frigide
945 2056 979 2082 te

340 2100 536 2147 excipiant,
547 2109 581 2135 et
589 2100 632 2135 al)
641 2102 792 2136 amicitia
801 2102 906 2135 simul
917 2110 951 2135 et
962 2114 982 2135 a

332 2154 579 2194 'familiaritate
590 2166 653 2187 sua
668 2153 871 2187 excludant.
879 2156 983 2188 Vete-

340 2219 399 2241 res
410 2206 622 2252 interpretes
636 2206 880 2247 Britannicus,
894 2207 925 2239 J.
940 2206 983 2239 Β.

343 2258 451 2301 Pius,
478 2258 713 2292 Nebrissensis
724 2282 735 2299 ,
760 2257 985 2292 Murmellius

344 2311 446 2345 aliter
467 2323 476 2344 t
501 2309 579 2344 vid.
607 2324 648 2343 ne
671 2312 783 2343 limina
811 2312 986 2357 majorum

345 2363 434 2398 fiant
449 2364 516 2397 tibi
524 2364 655 2408 frigida
671 2364 821 2398 horrore
839 2363 962 2397 mortis
974 2388 985 2404 ‚

345 2417 434 2450 fiant
446 2417 508 2450 tibi
520 2416 861 2460 mortifera-Imitatio
873 2415 986 2450 Hora·

347 2470 458 2510 tiana,
471 2477 532 2503 sat.
548 2470 612 2503 lib.
633 2470 692 2511 11,
712 2482 727 2503 1
741 2493 752 2511 ‚
769 2471 835 2503 60:

352 2544 558 2552 ........
574 2545 591 2556 ,.
615 2543 622 2552 .
648 2544 655 2551 .
679 2521 915 2562 Opiter-,ateis

351 2569 461 2598 Vitatis
473 2575 586 2604 metuo,
592 2570 743 2609 maJ'orum
751 2579 791 2600 ne
799 2569 867 2610 quis
875 2569 988 2599 amicus

351 2616 479 2654 Frigore
491 2622 521 2644 te
535 2615 642 2645 feriat!
911 2619 949 2646 A.

404 2677 481 2710 109.
507 2669 607 2700 Sonat
629 2666 682 2702 hfc
705 2669 745 2702 de
769 2680 850 2702 aare
870 2668 990 2702 canina

1021 949 1152 992 littera]
1160 947 1242 982 Haec
1251 947 1372 983 Persio
1382 949 1504 992 tribui,
1511 952 1664 997 juvante

1022 999 1231 1034 casaubono
1240 1025 1251 1042 ,
1275 1001 1325 1034 sic
1348 1014 1357 1033 :
1386 1018 1400 1031 ι
1413 996 1498 1036 Non
1525 1002 1663 1036 incom-

1027 1068 1041 1082 ι
1056 1051 1162 1086 mode
1175 1051 1296 1086 Persio
1309 1062 1454 1099 possent
1467 1054 1543 1089 haec
1554 1055 1664 1089 verba

1029 1121 1043 1134 ι
1058 1104 1194 1138 tribui:
1215 1113 1295 1138 tum
1318 1114 1435 1140 autem
1459 1107 1511 1139 Ιιῖε
1531 1107 1664 1150 fuerit,

1028 1173 1042 1187 ι
1055 1157 1092 1190 in
1103 1158 1219 1191 verbis
1229 1158 1314 1199 tuis,
1326 1159 1375 1191 mi
1384 1159 1550 1193 monitor.
1563 1159 1667 1205 (Scir.

1030 1226 1044 1239 ι
1058 1217 1159 1243 sonat
1181 1210 1219 1243 in
1237 1210 1355 1244 verbis
1373 1211 1448 1245 tuis
1468 1211 1585 1246 littera
1609 1224 1666 1246 ca-

1027 1277 1042 1290 «
1056 1262 1172 1306 nina.)
1190 1263 1236 1296 Et
1253 1274 1374 1297 sensus
1398 1263 1487 1306 erit,
1505 1264 1667 1312 intelligo

1027 1330 1041 1343 ι
1057 1314 1146 1360 quid
1153 1314 1241 1348 velis
1251 1327 1259 1348 :
1269 1316 1468 1362 periculum
1478 1317 1573 1351 enim
1580 1330 1668 1364 prat,-

1029 1383 1043 1396 ι
1058 1379 1135 1400 sens
1153 1367 1343 1403 denuntias
1355 1394 1366 1412 ‚
1383 1371 1412 1404 si
1429 1370 1465 1403 in
1480 1371 1668 1417 proposito

1029 1435 1043 1447 α
1058 1431 1300 1465 permansero.
1317 1438 1332 1450 ι
1346 1442 1393 1447 -
1405 1425 1527 1455 Littera
1539 1423 1667 1457 canina

1025 1480 1076 1505 est
1089 1475 1115 1504 R
1124 1486 1139 1510 ,·
1153 1473 1244 1506 hanc
1265 1473 1361 1507 enim
1379 1486 1482 1508 canes
1494 1474 1669 1510 videntur

1026 1524 1225 1570 exprimere
1233 1550 1244 1567 ,
1256 1524 1360 1566 dum,
1370 1526 1540 1561 restrictis
1551 1527 1669 1569 labiis,

1028 1578 1167 1609 irritatos
1183 1590 1216 1610 se
1235 1574 1456 1623 significant,
1469 1586 1576 1626 atque
1593 1579 1670 1614 hir-

1026 1628 1139 1664 riunt.
1157 1629 1314 1664 Lucilius
1326 1643 1339 1664 ἐ

1026 1706 1148 1736 Irritata
1162 1707 1263 1745 canis,
1278 1709 1364 1749 quod
1380 1719 1416 1739 rr
1430 1720 1523 1750 quam
1536 1711 1671 1751 plurima

1109 1754 1206 1784 dicat.-

1029 1836 1076 1842 —-
1093 1820 1198 1850 Sonat
1222 1817 1275 1851 Ιιῖι·
1299 1820 1340 1851 de
1364 1831 1444 1852 reare
1470 1822 1601 1854 canina.
1626 1822 1670 1856 Ie

1030 1881 1139 1915 pense
1155 1871 1319 1916 toujours
1341 1883 1412 1918 que
1428 1872 1533 1907 Perse
1545 1873 1672 1909 donne

1030 1934 1076 1955 au
1094 1923 1230 1968 portier
1248 1936 1320 1958 une
1336 1925 1459 1959 nal-ine
1476 1924 1523 1960 de
1539 1926 1643 1961 chien
1657 1940 1671 1972 ;

1031 1987 1136 2021 parce
1150 1976 1261 2022 qu’un
1276 1977 1415 2023 portier
1433 1978 1496 2024 qui
1508 1991 1527 2012 a
1538 1978 1672 2014 l’ordre

1032 2030 1074 2062 de
1087 2041 1150 2062 son
1162 2030 1287 2063 maitre
1300 2032 1343 2064 de
1354 2043 1444 2066 vous
1457 2030 1603 2067 exclure
1611 2057 1623 2075 ‚
1635 2045 1673 2068 se

1033 2089 1106 2115 met
1135 2084 1156 2114 ἐι
1185 2083 1361 2128 gromeler
1390 2083 1477 2118 dans
1507 2097 1543 2119 sa
1568 2085 1649 2132 loge
1659 2111 1673 2128 ‚

1034 2133 1194 2180 lorsqu'il
1223 2147 1314 2170 vous
1342 2136 1431 2171 voit.
1461 2137 1551 2171 Sans
1581 2146 1674 2173 cette

1036 2188 1242 2234 metaphore
1253 2213 1264 2230 ,
1280 2188 1449 2223 l’endroit
1470 2190 1527 2223 n’a
1545 2202 1609 2240 pas
1627 2190 1674 2226 de

1036 2252 1127 2274 sens.
1142 2243 1285 2274 Diderot.
1298 2243 1334 2275 Is
1347 2250 1464 2276 autem
1479 2243 1553 2277 haec
1565 2268 1576 2286 ‚
1594 2248 1676 2280 Son:

1037 2292 1090 2325 Ιιῖο
1102 2295 1142 2325 de
1153 2306 1233 2326 nare
1243 2306 1316 2326 can.
1327 2293 1530 2329 adversario
1543 2296 1677 2331 tribuo„-

1037 2345 1098 2378 bat
1113 2370 1124 2386 ‚
1140 2355 1182 2380 ut
1198 2346 1303 2380 multi
1319 2347 1531 2393 interpretes
1543 2373 1554 2390 ‚
1572 2358 1608 2384 et
1623 2349 1676 2383 in-

1040 2396 1219 2442 telligebat
1238 2395 1283 2430 de
1303 2397 1455 2443 janitore
1477 2398 1675 2442 hin-iente,

1038 2457 1075 2483 et
1107 2449 1256 2483 domino
1290 2462 1356 2484 suo
1390 2450 1558 2486 molestos
1593 2453 1677 2500 reji-

1040 2502 1169 2536 ciente.
1193 2504 1234 2536 A.
1596 2502 1599 2505 ’

1090 2574 1168 2597 110.
1187 2567 1252 2596 Per
1271 2577 1321 2596 me
1338 2565 1484 2608 equidem
1499 2566 1581 2604 sint,
1596 2568 1675 2610 eta]

1041 2614 1229 2649 Concessio
1251 2615 1386 2650 ironica
1398 2641 1410 2659 ‚
1429 2625 1464 2651 et
1480 2617 1677 2652 festivitatis

1041 2666 1146 2714 plena
1157 2691 1168 2711 ,
1186 2679 1294 2715 quam
1315 2668 1453 2705 felicius
1473 2669 1579 2705 etiam
1596 2669 1676 2704 imi-
