1846 3184
568 274 642 357 in
675 311 907 356 pensu
943 292 1246 354 εΑΤιιιΑΜ
1274 311 1354 354 v1
1548 329 1631 372 197

287 460 392 500 latus
407 461 468 498 sit.
488 462 591 499 Nota
605 467 736 498 autem
752 458 860 511 apud
875 457 1082 510 Virgilium
1101 457 1235 495 fabula
1250 465 1320 495 est.

337 535 889 582 111id.Mannius.]Mannium
907 535 1001 576 dicit
1016 535 1232 572 deformem
1249 542 1289 571 et
1306 533 1484 585 ignotum
1502 533 1631 572 homi-

285 612 399 647 nem,
412 611 461 638 eo
482 599 593 651 quod
622 600 760 637 Maniae
775 599 859 651 (6²)
886 598 1072 637 dicuntur
1091 597 1266 637 indecori
1280 597 1413 636 vultfis
1434 611 1628 650 personae,

285 663 430 714 quibus
447 663 560 714 pueri
575 670 780 701 terrentur.

336 740 385 776 V.
413 739 476 776 61.
504 740 585 786 Qui
592 740 710 788 pn‘or
733 752 796 786 es,
819 752 888 776 cur
911 742 1002 785 me.]
1030 738 1149 789 Apud
1166 737 1338 776 Athenas
1355 736 1447 776 cum
1467 739 1630 790 juvenes

282 801 400 840 ludos
416 816 534 841 cursu
557 803 803 841 celebrabant
816 832 827 849 ‚
847 803 916 855 qui
938 803 1063 840 victor
1087 811 1208 849 esset,
1230 803 1380 854 primus
1403 802 1526 840 facem
1553 801 1631 840 tol-

283 863 389 905 lebat
403 881 414 901 τ
434 867 575 905 deinde
593 862 772 918 sequenti
786 870 853 904 se*
871 866 1068 912 tradebat,
1086 875 1126 904 et
1141 866 1339 904 secundus
1354 867 1471 904 tertio
1486 880 1496 903 :
1517 866 1630 904 simi-

282 930 372 969 liter
391 944 547 976 omnes,
567 930 693 968 donec
712 931 953 968 currentium
974 943 1161 968 numerus
1177 929 1418 981 impleretur.

332 1004 382 1038 V.
412 1002 476 1048 67.
499 1001 660 1037 Fertor-225
682 1001 848 1037 accedat
866 1004 1044 1046 mertem]
1071 1003 1255 1038 Tractum
1279 1007 1337 1048 est
1360 998 1437 1037 hoc
1458 1012 1482 1036 a
1504 998 1629 1050 patri-

282 1064 358 1102 bus
372 1064 470 1114 (27),
484 1063 554 1115 qui
569 1064 706 1101 dicunt
721 1064 811 1102 filiis
831 1065 930 1110 suis3
948 1064 1023 1102 hoc
1034 1093 1046 1111 ‚
1063 1064 1172 1115 quod
1187 1063 1298 1101 vobis
1315 1063 1416 1101 lucri
1430 1062 1481 1100 de
1496 1063 1629 1101 fenore

283 1129 443 1167 accessit
456 1158 467 1176 ,
489 1129 539 1166 ad
565 1129 759 1175 fructum,
781 1129 823 1166 id
851 1138 934 1176 est,
959 1129 1010 1167 ad
1033 1142 1150 1167 usum
1172 1129 1260 1167 vitae
1286 1128 1399 1167 vobis
1425 1127 1625 1180 proficiat:

283 1193 482 1244 reliquum
500 1206 593 1231 vero
608 1194 783 1244 pecunia!
798 1201 987 1232 reservate
1002 1194 1211 1244 integrum.

333 1265 383 1300 V.
410 1277 472 1311 77.
509 1265 768 1313 Cappadocas
799 1264 955 1315 ngrida]
987 1263 1229 1301 Gladiatores
1261 1263 1367 1301 dicit.
1396 1264 1495 1302 Nam
1520 1261 1629 1313 apud

279 1327 463 1378 antiquos
478 1356 490 1374 ‚
517 1327 671 1366 venales
703 1327 935 1379 gladiatores
964 1328 1007 1365 in
1037 1336 1178 1366 catasta
1212 1328 1459 1378 ponebantur
1472 1355 1484 1372 ‚
1508 1334 1555 1363 ut
1585 1326 1628 1364 in

281 1391 337 1428 eis
363 1399 521 1442 possent
545 1391 674 1429 omnia
697 1391 871 1429 membra
894 1391 1045 1442 inspici.
1065 1391 1140 1429 Vel
1168 1392 1262 1442 quia
1287 1390 1538 1441 Cappadoces
1564 1389 1629 1427 di-

278 1465 460 1495 cerentur
483 1457 624 1495 habere
651 1457 825 1495 studium
850 1456 1025 1495 naturale
1050 1457 1108 1507 ad,
1129 1457 1223 1495 falsa
1248 1457 1469 1495 testimonia
1495 1456 1628 1507 profe-

279 1521 420 1558 reuda:
437 1521 657 1572 quinutriti
671 1522 712 1559 in
727 1522 929 1559 tormentis
943 1535 965 1559 a
979 1522 1164 1573 pueritia,
1180 1521 1394 1573 equuleum
1410 1518 1484 1558 sibi
1500 1520 1626 1558 facere

280 1584 483 1631 dicuntur,
498 1594 544 1623 ut
561 1585 602 1623 in
620 1598 668 1623 eo
687 1598 727 1623 se
745 1586 912 1623 invicem
930 1594 1139 1636 torqueant
1153 1614 1164 1632 ,
1184 1593 1223 1622 et
1240 1583 1332 1622 cum
1349 1585 1390 1622 in
1407 1596 1522 1635 poena
1537 1596 1627 1635 per-

0 1615 22 1720 Ξ
250 1669 255 1674 -
279 1648 483 1695 durarent,
499 1650 548 1687 ad
567 1649 660 1687 falsa
678 1650 898 1687 testimonia
917 1663 957 1687 se
973 1650 1075 1687 bene
1092 1649 1372 1688 venundarent.

0 1722 11 1732 Γ
329 1719 431 1756 Ibid.
446 1720 631 1765 pavisse-,J
650 1720 811 1770 Legitur
822 1728 861 1756 et
872 1722 1065 1768 plausisse
1079 1734 1092 1755 .-
1113 1718 1301 1769 quoniam
1315 1717 1470 1755 venales
1482 1726 1627 1763 ‚pante-

0 1733 14 1914 ἰ
278 1796 398 1833 quam
422 1784 464 1820 in
486 1791 626 1820 catasta
648 1784 898 1834 imponantur
913 1811 925 1829 ,
949 1791 1104 1820 cantant
1125 1782 1296 1820 universi
1316 1782 1462 1833 pariter
1475 1810 1488 1828 ,
1514 1794 1624 1819 more

279 1855 404 1897 gentis
424 1859 516 1884 suae.

330 1919 380 1954 V.
401 1917 464 1954 80.
484 1921 683 1963 Inventus,
707 1918 947 1968 Chuysippa]
967 1918 1229 1970 Chrysippus,
1250 1917 1511 1969 philosophus
1525 1916 1623 1954 stoi-

278 1992 370 2026 cus,
393 1981 663 2033 syllogismum
690 1984 826 2030 σωρίτην
854 1982 1006 2020 vocavit
1022 2011 1034 2028 ,
1059 1996 1178 2033 quem
1205 1995 1276 2033 per
1301 1981 1560 2033 adjectionem
1583 1987 1622 2017 et

276 2044 555 2085 detractionem
573 2059 621 2084 ex
641 2047 768 2085 acervi
787 2047 1033 2086 frumentarii
1049 2046 1306 2085 similitudine
1324 2045 1504 2085 ostendit.

430 2322 574 2350 runs
599 2323 781 2350 VBTER.
811 2323 1090 2350 coluntur.
1120 2322 1174 2349 IN
1207 2319 1459 2348 Pnnslun.
