1846 3184
311 302 393 345 ψ
563 286 610 328 c,
647 285 914 329 LUCILII
956 285 1385 330 FRAGMENTA

912 383 917 384 ⁷
929 371 965 406 V
975 371 994 406 I
1006 371 1037 406 Ι.

362 432 591 479 Diomedes,
605 431 673 470 lib.
686 435 744 470 ΠΙ
757 447 765 470 :
781 433 890 471 Aliia
899 433 991 471 vino
1006 433 1232 484 tragoediam
1246 433 1390 471 dictam
1403 431 1660 479 arbitmntur3

312 506 516 549 propterea
538 497 648 549 quod
677 497 773 535 olim
794 497 1014 535 dictabatur
1031 499 1122 546 τρὺξ,
1141 511 1162 536 a
1181 513 1261 550 quo
1282 500 1440 545 τρύγητος
1467 496 1664 547 hodieque

311 562 509 600 vindemia
527 570 584 599 est
595 590 605 608 ‚
627 563 743 611 quia,
762 563 1002 599 Liberalibus
1019 565 1130 612 apud
1150 566 1317 609 Atticos,
1338 564 1400 600 die
1403 563 1516 610 festo
1535 562 1671 598 Liberi

303 630 454 678 patris,
474 629 607 664 vinum
623 627 841 662 canton'bus
842 640 922 676 pro
935 629 1138 664 corollario
1157 629 1345 674 dabatur,
1367 628 1480 677 cujUs
1492 627 1548 664 rei
1562 626 1667 664 testis

313 701 372 731 est
390 692 564 731 Lucilius
581 691 624 728 in
642 690 893 729 duodecimo.

841 832 1148 845 mmmm

477 890 570 968 Ex
606 924 826 969 LIBRo
859 924 1010 969 XIII
1045 924 1493 969 SATIRARUM.

979 1049 1011 1085 I.

371 1113 413 1151 Si
431 1113 530 1151 forte
548 1112 730 1158 omnino,
747 1125 791 1150 ac
808 1114 981 1151 Fortuna
997 1113 1151 1150 vincere
1170 1112 1276 1150 bello
1291 1126 1300 1149 :

374 1179 414 1217 Si
433 1179 532 1216 forte
552 1191 596 1215 ac
614 1186 759 1216 temere
778 1179 960 1225 omnin03
979 1178 1077 1227 quid
1095 1190 1254 1216 cursum
1272 1177 1323 1215 ad
1337 1175 1558 1215 honorem?

957 1246 976 1282 I
990 1246 1020 1280 I.
1059 1261 1069 1270 ο

378 1311 452 1348 Cui
471 1309 634 1362 parilem
649 1311 821 1348 Fortuna
840 1309 995 1356 locum,
1018 1310 1220 1361 fatumque
1238 1308 1330 1347 tulit
1348 1308 1439 1346 fors.

949 1377 968 1412 1
980 1377 998 1412 Ι
1013 1377 1044 1412 Ι.

376 1441 448 1478 His
463 1440 598 1477 itidem
617 1440 657 1477 in
677 1453 786 1477 coena
803 1440 914 1478 dabis
930 1448 1055 1478 ostrea
1070 1439 1240 1478 millibu’
1260 1436 1469 1478 nummfim

377 1507 530 1557 Empta.

959 1570 978 1605 I
989 1571 1038 1606 V.

379 1635 547 1673 Acribus
566 1634 667 1672 inter
688 1646 770 1671 sese
789 1634 905 1671 armis
924 1634 1132 1685 confligere
1150 1632 1284 1671 cernit.

714 1707 717 1709 '
975 1701 1024 1736 V.

379 1766 556 1804 Primum
573 1763 747 1802 dominia
765 1772 883 1814 atque
902 1763 1079 1802 sodalitia
1098 1763 1229 1801 omnia
1247 1760 1455 1800 tolluntur.

967 1831 1002 1866 V
1015 1831 1046 1866 Ι.

382 1894 497 1932 Adde
520 1895 719 1944 Syracusis
738 1893 819 1932 sola
831 1924 841 1942 ‚
862 1893 1108 1945 pasceolum‚
1126 1892 1288 1930 alutam.

952 1963 987 1998 V
997 1963 1015 1997 I
1030 1961 1062 1996 Ι.

343 2078 346 2080 q
391 2053 401 2062 .
419 2053 427 2062 .
446 2053 454 2061 .
472 2052 482 2062 .
500 2025 606 2063 Unu’
627 2023 747 2062 modo
761 2052 771 2070 ,
794 2024 843 2062 de
862 2024 997 2062 multis
1016 2024 1085 2076 qui
1103 2023 1259 2075 ingenio
1278 2022 1341 2060 sit.

384 2172 413 2191 1.
441 2158 574 2191 Nonius
590 2169 597 2188 :
619 2159 696 2188 Fors
718 2163 750 2187 et
759 2155 902 2198 fbrtuna
918 2157 984 2188 hoc
1039 2158 1187 2189 convivii
1199 2157 1388 2195 exhibitor,
1401 2154 1492 2187 unde
1503 2161 1538 2186 et
1546 2153 1691 2200 domign'a

334 2215 467 2246 distant.
486 2214 564 2244 Fors
588 2218 639 2243 est
660 2221 756 2242 casus
775 2211 984 2252 temporalis;
1040 2212 1202 2242 convivia.

332 2271 500 2305 Fortuna,
519 2268 597 2297 Dea.
1034 2307 1039 2310 .
1060 2295 1063 2297 ,
1087 2264 1120 2294 6.
1141 2264 1274 2295 Nonius
1294 2276 1302 2294 ι
1326 2261 1512 2298 Pasceolus,
1535 2270 1576 2291 ex
1602 2259 1691 2291 aluta

385 2334 418 2354 2.
434 2321 587 2358 Nonius,
601 2319 732 2351 ibidem.
1035 2317 1200 2349 saecu-lus.

386 2378 417 2408 3.
429 2376 580 2409 Nonius:
598 2376 723 2412 Ostrea,
733 2373 860 2417 generis
867 2373 988 2405 neutri.
1090 2381 1121 2412 7.
1132 2370 1264 2402 Nom‘us
1275 2382 1283 2402 ε
1295 2371 1456 2401 Veterum
1469 2365 1693 2399 memorabilia

387 2437 418 2468 4.
435 2430 588 2462 Nom'us:
605 2439 736 2460 cernere
752 2439 907 2467 rursum,
923 2427 991 2460 dio-
1042 2425 1177 2457 scientia
1206 2434 1389 2467 paucorum
1420 2420 1599 2454 numeium
1629 2428 1693 2462 pro

340 2495 476 2527 ponere.
600 2481 606 2485 ”
1042 2480 1141 2512 honis
1153 2479 1299 2522 ponebat
1306 2489 1317 2520 3
1333 2477 1449 2510 multos
1464 2482 1580 2508 contra
1590 2472 1694 2506 malos

388 2538 418 2569 5.
447 2536 581 2571 Nonius
600 2548 608 2568 t
630 2535 788 2569 Dominus
807 2535 992 2580 appellatur
1045 2532 1241 2578 appellabat.
