1846 3184
281 295 368 345 264

542 293 588 334 C.
631 289 903 334 LUCILII
934 287 1358 334 FRAGMENTA

278 379 470 415 Scaurus:
487 375 661 412 Lucilius
675 375 716 412 in
730 376 789 412 IX
805 375 1007 412 satirarum
1024 373 1073 411 de
1090 371 1375 424 Orthographia
1390 369 1630 423 praecipiens.

275 440 414 483 Velius
431 443 587 491 Longus
603 454 611 476 :
632 438 805 478 Lucilius
823 439 864 476 in
882 440 941 476 IX
955 438 1005 476 de
1024 437 1163 475 litteris
1181 437 1366 488 disputat.

934 505 964 541 1.

331 573 370 608 A
384 571 555 622 primum
575 577 654 614 est3
671 568 762 605 hinc
781 566 985 618 incipiam,
1001 575 1040 605 et
1058 580 1146 618 quae
1164 568 1323 605 nomina
1341 567 1390 604 ab
1409 566 1485 604 hoc
1501 573 1603 604 sunt.

332 638 370 673 A
381 664 392 682 ,
412 636 583 686 primum
602 632 719 682 longa
733 640 771 669 et
789 631 908 669 brevi’
929 630 1097 681 syllaba:
1114 644 1186 669 nos
1203 640 1333 669 tamen
1348 644 1474 668 unum

332 703 418 738 Hoc
440 699 625 735 faciemus
636 725 647 742 ‚
664 704 703 733 ct
720 708 801 733 uno
820 695 980 742 eodem,
999 703 1045 733 ut
1063 695 1226 733 diximu’
1238 723 1251 741 ,
1268 703 1384 747 pacto

335 764 557 803 Scribemus
578 763 722 797 Pacem
735 789 748 806 ‚
770 761 1117 806 Placide,»Janum
1129 789 1143 806 ,
1164 761 1328 797 Aridum
1340 789 1352 807 ‚
1371 762 1530 797 Acetum
1542 786 1554 805 ,

334 824 415 877 Ᾰρες
428 855 438 872 ,
457 822 537 875 Ᾰρες
558 825 683 863 Graeci
700 832 746 862 ut
762 824 924 861 faciunt.

926 890 946 925 1
958 890 989 925 1.

336 959 389 994 At
403 970 484 993 non
503 955 675 993 multum
695 955 775 993 abit
791 954 867 992 hoc
885 951 1190 1003 cacosyntheton
1203 979 1215 997 ‚
1234 959 1353 1003 atque
1371 951 1509 991 canina

338 1022 378 1060 Si
393 1020 527 1073 lingua
547 1020 636 1058 dico
647 1008 668 1067 ,'
679 1019 779 1058 nihil
798 1033 846 1055 ar
867 1032 952 1066 me3
973 1030 1119 1056 nomen
1138 1017 1215 1055 hoc
1235 1016 1294 1054 illi
1313 1025 1384 1055 est.

764 1086 843 1121 III
846 1111 966 1120 .....

984 1084 1130 1120 ...ΑΙ
1139 1109 1334 1119 ........

925 1149 1000 1184 IV.

353 1241 787 1254 .................
806 1216 937 1263 Atque
958 1214 1167 1249 Aecum-ere
1185 1210 1328 1248 scribas
1339 1238 1351 1256 ,

343 1283 380 1319 D
402 1295 450 1319 ne
463 1310 473 1328 ‚
491 1289 540 1317 an
559 1282 612 1326 T,
629 1292 710 1317 non
729 1286 787 1316 est
804 1277 914 1329 quod
932 1289 1081 1328 quaeras
1100 1284 1217 1327 atque
1235 1274 1399 1313 labores.

942 1344 989 1378 V.

344 1410 487 1447 'Abbire
508 1408 681 1447 multum
700 1416 757 1445 est
778 1410 814 1445 D
834 1407 912 1444 sive
925 1434 935 1451 ‚
953 1419 1002 1443 an
1021 1408 1050 1443 B
1070 1405 1202 1443 habet.

930 1473 965 1506 V
977 1473 1009 1506 Ι.

346 1542 432 1578 Jam
442 1539 587 1588 puerei
602 1550 740 1575 venere
757 1550 765 1572 :
787 1537 818 1573 E
834 1542 1075 1586 postremum
1097 1533 1212 1571 facito
1225 1562 1235 1579 ‚
1253 1542 1369 1584 atque
1388 1534 1427 1578 1,

347 1700 377 1719 1.
393 1689 434 1728 Q.
451 1687 627 1718 Terentius
646 1685 790 1716 Scaurus
801 1706 811 1721 ,
826 1682 868 1714 de
882 1685 945 1715 Or-

296 1741 493 1784 tbographia
515 1751 522 1770 :
548 1739 735 1780 singulares
758 1737 887 1768 vocales
914 1743 946 1766 et

296 1795 441 1838 produci
467 1800 499 1823 et
523 1792 645 1833 corripi
673 1797 833 1832 possunt3
858 1789 947 1820 unde

296 1849 396 1879 etiam
410 1846 568 1885 Lucilius,
578 1847 628 1876 lx
641 1844 814 1875 satirarum
823 1866 832 1881 ‚
842 1843 882 1874 de
896 1853 951 1874 or-

298 1900 494 1943 thographia
517 1899 730 1940 praecipiens,
751 1898 797 1928 ait
811 1909 818 1928 ε
834 1898 866 1928 A
878 1897 950 1939 pri-

299 1962 388 1986 mum
408 1961 473 1989 esc,
493 1960 550 1983 etc.

351 2019 381 2038 2.
400 2006 518 2036 Velius
536 2007 688 2047 Longus,
706 2004 747 2034 de
768 2004 951 2046 Orthogra-

299 2060 381 2104 phia
393 2071 400 2090 :
415 2058 545 2090 Inventi
557 2064 639 2088 sunt
651 2064 778 2095 tamen,
793 2057 851 2097 qni
865 2064 897 2087 et
909 2057 952 2087 si-

300 2126 343 2147 ne
353 2112 461 2145 vocali
469 2118 590 2154 putent
599 2121 694 2152 posse
704 2109 859 2151 syllabam
870 2109 952 2140 fieri.

352 2167 382 2199 3.
404 2157 633 2206 Quintilianus
643 2186 652 2201 ‚
669 2162 728 2194 lib.
743 2165 759 2193 1
772 2186 783 2202 ‚
798 2173 868 2204 cap.
890 2163 929 2192 13
944 2173 951 2192 z

302 2221 349 2252 Al
363 2218 538 2261 syllabam,
552 2217 650 2258 cujus
665 2215 844 2246 secundam
862 2225 954 2245 nunc

303 2276 331 2306 E
343 2271 487 2304 litter'am
500 2271 657 2313 ponimus
667 2292 677 2308 ‚
687 2269 776 2301 varie
788 2269 930 2310 perAet
939 2269 955 2298 I

305 2319 489 2356 efferebanl
499 2345 508 2360 ,
522 2321 660 2364 quidam
669 2331 806 2362 semper,
815 2326 854 2350 ut
865 2321 955 2351 Grae-

306 2381 337 2411 ci
352 2402 361 2417 ‚
387 2378 525 2420 quidam
561 2375 771 2418 singulariter
800 2380 929 2404 tantum
946 2395 956 2410 ‚

306 2432 384 2464 cum
402 2432 439 2468 in
460 2431 608 2462 dativum
630 2429 682 2460 vel
704 2428 885 2472 genitivum
903 2437 958 2458 ca-

306 2497 382 2517 sum
399 2484 580 2516 incidisset.
599 2479 714 2520 Unde,
730 2479 835 2524 picta?
849 2479 955 2517 vestis,

307 2547 340 2569 et
352 2537 462 2575 aulai,
476 2537 638 2579 Virgilius
650 2535 890 2567 amantissimus
902 2544 959 2565 ve-

308 2593 439 2622 tustatis
455 2589 658 2622 carminibus
677 2588 828 2620 inseruit.

359 2649 391 2678 l..
416 2644 534 2674 Velius
559 2645 691 2684 Longus
701 2665 712 2682 ‚
737 2642 777 2672 de
804 2641 957 2683 Orthogr.

309 2695 470 2727 ‘Videmus
492 2703 602 2728 autem
624 2706 728 2739 prope
748 2695 784 2727 in
802 2693 959 2727 omnibus

998 1681 1110 1714 verbis
1135 1672 1210 1724 quae
1236 1692 1254 1712 a
1283 1683 1308 1712 P
1334 1681 1439 1712 littera
1466 1680 1650 1724 incipiant}

998 1736 1084 1767 hanc
1101 1734 1369 1777 praepositionem
1384 1735 1459 1777 cogi
1475 1741 1514 1765 ut
1526 1757 1536 1772 ‚
1555 1736 1581 1765 B
1593 1735 1648 1766 lit-

999 1788 1067 1820 tera
1083 1786 1221 1825 omissi,
1239 1789 1264 1819 P
1285 1788 1470 1830 geminent,
1491 1794 1530 1818 ut
1549 1787 1591 1818 ab
1609 1798 1650 1818 eo

1003 1844 1093 1886 quod
1120 1849 1166 1874 est
1189 1850 1301 1887 paret,
1321 1849 1476 1885 apparet;
1496 1849 1531 1872 et
1552 1841 1589 1872 in
1610 1852 1651 1872 eo

1003 1897 1095 1939 quod
1107 1904 1156 1928 est
1168 1890 1265 1939 poni‘t
1274 1919 1283 1934 ,
1297 1895 1439 1938 opponit
1449 1905 1459 1932 ς
1473 1901 1506 1925 et
1517 1894 1554 1924 in
1563 1904 1654 1935 pun-

1003 1950 1070 1992 git,
1092 1949 1277 1993 oppungit:
1296 1949 1343 1980 sic
1367 1947 1405 1979 in
1430 1947 1481 1978 his
1501 1946 1653 1989 partibus

1004 2004 1161 2035 orationis
1170 2026 1179 2041 ,
1192 2013 1266 2044 qnae
1283 2001 1451 2044 incipiunt
1463 2011 1481 2031 a
1494 2001 1521 2033 C
1533 2000 1652 2038 littera,

1004 2068 1074 2088 non
1084 2056 1177 2087 facile
1195 2062 1304 2098 potest
1315 2055 1387 2086 haec
1398 2076 1407 2092 ‚
1421 2044 1653 2096 praepositione

1006 2108 1156 2147 admota,
1170 2118 1285 2140 sonare
1295 2109 1325 2139 D
1336 2107 1447 2138 littera
1457 2129 1466 2145 ‚
1478 2106 1550 2137 haec
1560 2106 1654 2137 simi-

1006 2161 1082 2190 liter
1099 2161 1205 2192 littera
1223 2159 1430 2201 geminatur,
1446 2158 1483 2188 in
1504 2167 1544 2189 eo
1561 2156 1653 2198 quod

1008 2220 1058 2243 est
1069 2212 1162 2254 capio
1171 2235 1182 2249 ,
1198 2212 1323 2253 accipio
1332 2222 1344 2242 .·
1357 2212 1470 2252 itaque
1485 2209 1632 2241 Lucilius
1644 2220 1652 2239 :

1010 2290 1017 2296 .
1029 2289 1037 2296 .
1048 2289 1055 2296 .
1067 2289 1075 2296 .
1084 2267 1192 2306 Aeque
1209 2275 1381 2295 accurrere
1402 2262 1524 2294 scribas
1541 2263 1572 2294 D
1594 2272 1636 2292 ne
1643 2285 1655 2300 ‚

1008 2330 1052 2350 an
1068 2319 1096 2350 T
1106 2341 1118 2355 ‚
1132 2325 1190 2348 etc.

1059 2372 1088 2402 5.
1106 2370 1223 2402 Velius
1245 2371 1398 2410 Longus:
1414 2367 1536 2398 Abbire
1559 2369 1657 2399 etiam

1009 2425 1164 2468 quidam,
1183 2422 1346 2467 geminata
1363 2423 1407 2460 B,
1421 2422 1611 2452 maluerunt
1623 2428 1659 2453 et

1011 2480 1120 2511 dicere
1133 2485 1165 2509 et
1178 2476 1321 2508 scribere
1330 2497 1340 2514 ‚
1356 2482 1394 2506 ut
1412 2474 1599 2505 intermissa
1616 2475 1657 2506 D.

1011 2535 1054 2564 Et
1067 2533 1104 2564 in
1117 2532 1183 2563 hoc
1195 2530 1320 2562 nullam
1335 2529 1550 2560 differentiam
1562 2534 1659 2570 putat

1014 2598 1083 2619 esse
1099 2585 1247 2618 Lucilius
1257 2606 1266 2622 ‚
1279 2583 1340 2625 qui
1356 2583 1400 2613 ait
1410 2605 1419 2620 ‚
1433 2582 1552 2614 Abbire
1569 2581 1656 2612 mul-

1012 2649 1079 2673 tum
1096 2646 1160 2675 est,
1175 2645 1233 2669 etc,

1059 2691 1089 2722 6.
1109 2689 1336 2732 Quintilianus
1347 2710 1357 2727 ‚-
1371 2687 1427 2719 fib.
1441 2688 1457 2718 1
1467 2708 1478 2725 ‚
1490 2696 1563 2728 cap·
1580 2694 1611 2725 7.
