1846 3184
234 626 270 653 et
300 617 372 665 ipsi
398 614 655 651 sacrificabant.
681 633 728 639 —-
749 615 882 646 Centum

230 672 340 716 paria-
349 671 508 705 Centum
520 667 618 716 paria
627 666 882 714 gladiatorum,
894 695 897 698 .

237 733 280 759 ut
304 723 387 758 vult
407 722 636 756 Turnebus·
665 720 726 755 alii
751 719 883 754 volunt

233 777 494 819 hecatomben,
510 787 632 809 nunus
646 773 754 808 bene.
769 773 882 808 Caete-

234 844 333 874 rum,
346 831 411 865 hos
420 837 588 876 sumptus
600 837 673 861 ιιοιι
686 838 762 861 esse
771 827 881 861 unius

234 883 366 931 privati
390 890 487 917 recte
514 881 681 915 observat
705 879 883 914 casaubo-

234 950 322 972 nus:
333 935 613 984 supplicationes
623 934 721 968 enim
729 958 741 974 ‚
751 931 884 967 deinde

234 990 443 1036 triumphus
456 1014 467 1031 ‚
482 987 743 1022 immolationes
757 986 885 1020 hostia-

234 1056 319 1078 rum
329 1051 364 1077 et
373 1041 452 1076 ludi
464 1040 704 1089 gladiatorum
712 1064 724 1081 ‚
733 1047 769 1073 et
779 1039 884 1085 largi-

234 1098 351 1130 tiones
362 1096 402 1130 in
415 1094 595 1142 populum
610 1093 744 1128 collata
754 1117 765 1134 ,
779 1105 799 1126 e
814 1105 884 1139 pu-

233 1149 331 1183 blico
344 1148 490 1189 aerario,
505 1154 568 1181 aut
579 1159 598 1193 e
610 1145 698 1180 fisco
710 1145 884 1192 principis

236 1201 383 1235 decerni
401 1200 584 1234 solebant:
599 1199 675 1233 haec
690 1198 811 1244 igitur
813 1197 884 1231 lar-

234 1255 324 1302 gitio
334 1266 445 1301 quam
453 1253 512 1287 hic
521 1260 712 1292 memorat,
722 1264 796 1285 non
804 1258 885 1291 erat

236 1307 379 1342 collatio
393 1300 557 1354 quadam
574 1306 724 1348 usitata;
739 1303 800 1338 sed
818 1316 885 1350 per

234 1362 310 1394 iim
326 1372 488 1407 expressa
503 1372 524 1394 a
540 1357 836 1405 procuratoribus
848 1366 886 1390 et

236 1413 414 1448 Caesonia:
426 1412 534 1447 sicuti
545 1412 641 1446 enim
651 1410 770 1445 aediles
780 1419 816 1444 et
826 1410 886 1443 alii

236 1466 484 1514 magistratus,
499 1467 584 1500 cum
597 1463 704 1498 ludos
717 1462 884 1504 ederent,

235 1521 280 1554 ab
289 1520 412 1554 amicis
419 1519 652 1553 sublevabant
657 1530 715 1560 ur;
722 1517 771 1551 ita
778 1515 886 1550 Caius

237 1573 431 1610 necessaria
444 1571 489 1607 ad
503 1572 731 1618 triumphum
745 1583 853 1605 suum
867 1583 887 1604 a

237 1627 378 1662 civibus
394 1626 559 1661 extorsit.
569 1646 617 1651 —
627 1628 676 1658 Ob
690 1638 743 1666 res
760 1626 888 1668 egregie

234 1690 350 1723 ἕψεαι-ι.
356 1679 415 1713 Ob
422 1671 598 1725 insignem
604 1678 790 1712 victoriam
796 1676 883 1710 Caii.

238 1733 404 1774 Ironice‚
418 1740 458 1766 ut
471 1745 592 1778 supra.
606 1731 652 1780 .C·
670 1739 708 1764 et
721 1732 764 1763 A.

283 1788 344 1829 49.
359 1785 509 1829 Indum]
532 1784 698 1817 Verbum
716 1795 830 1816 arenae
845 1794 886 1815 ae

241 1838 401 1871 muneris
426 1839 563 1875 induco,
589 1845 630 1870 ut
653 1838 801 1879 produco
813 1860 824 1874 ,
847 1835 887 1869 id

240 1898 313 1932 est,
329 1890 367 1923 in
387 1882 549 1923 medium
566 1890 816 1931 assera—Quis
825 1901 889 1930 sve-

242 1948 316 1976 tat?
330 1944 434 1977 Ande.
452 1942 553 1976 Num
571 1941 680 1975 audes
695 1941 887 1987 refragari,

241 1998 264 2029 ὁ
273 1996 375 2030 heres
384 1995 394 2027 Ξ
406 2003 441 2028 et
450 1994 632 2030 deterrere
642 2007 699 2028 me
707 2008 726 2028 a
736 1995 887 2029 consilio

243 2047 345 2095 quod
363 2047 470 2095 cepi?

706 248 968 296 SATIR‘A
1004 247 1091 291 VI.

293 335 474 396 Egregie
487 343 648 393 gestas,
663 331 841 375 induco.
858 331 968 385 Quis
982 329 1125 373 vetat?
1143 329 1283 373 Ande.

294 413 391 455 Vae'
411 411 495 454 nisi
516 409 733 452 connives.
753 408 936 468 Oleum,
951 418 1251 465 artocreasque
1268 372 1444 465 popello
1534 414 1580 448 50

294 489 488 547 Largior.
510 488 579 528 An
595 485 800 545 prohibes
810 484 929 537 ?‚Dic
943 484 1070 527 clare.
1086 484 1189 526 Non
1207 483 1337 537 adeo,
1353 484 1523 542 inquis:

1497 251 1576 307 175

983 612 1040 646 50.
1067 615 1148 645 Voe!
1164 613 1227 645 nisi
1242 613 1412 658 connives]
1435 613 1581 659 Impen-

935 664 997 699 det
1016 665 1081 699 tibi
1103 665 1236 699 malum
1262 666 1293 699 si
1317 665 1412 700 forte
1435 677 1508 699 non
1528 678 1583 699 as·.

935 718 1098 751 sentiaris
1110 730 1118 750 :
1134 730 1217 751 nam
1225 742 1237 760 ,
1249 726 1311 758 aut
1323 719 1582 764 Imperatorem

937 771 1156 805 infensorem
1175 771 1355 815 invenies,
1370 779 1431 806 aut
1454 785 1520 818 ego
1539 785 1583 806 eo

935 825 1132 871 majoribus
1151 825 1357 872 sumptibus
1377 826 1585 860 exhauriam

936 877 1170 915 hereditatem
1184 903 1196 920 ‚
1220 891 1294 925 quo
1326 879 1436 925 magis
1461 887 1583 915 vetare

937 939 1086 965 conatus
1104 932 1222 966 fueris
1238 932 1350 966 Paulo
1363 941 1467 979 post:

995 991 1126 1026 .Nunc‚
1139 1001 1222 1020 nunc
1233 1001 1400 1030 impensius
1410 1002 1512 1033 unge,

937 1039 1047 1078 tinge,
1064 1047 1160 1077 puer,
1179 1037 1280 1068 caules
1282 1059 1506 1068 ........

936 1090 1335 1133 —Oleumartocreasque
1335 1092 1477 1134 popello
1484 1090 1584 1133 Quin

937 1141 1045 1175 etiam
1063 1141 1185 1176 oleum
1207 1151 1244 1177 et
1261 1152 1446 1182 artocreas,
1462 1143 1586 1178 eiham

938 1206 983 1228 ex
995 1207 1088 1241 pane
1101 1203 1138 1230 et
1150 1207 1271 1237 carne,
1280 1204 1389 1243 atque
1399 1195 1490 1230 adeo
1499 1210 1588 1243 epu-

935 1245 1014 1280 lum
1040 1256 1074 1281 et
1103 1248 1326 1295 congiarium
1353 1249 1493 1295 populo
1517 1249 1587 1284 lar-

936 1300 1319 1347 gior.—-Artocreas.Ab
1328 1302 1424 1349 ἄρτος
1435 1311 1472 1337 et
1479 1305 1588 1350 κρέας.
1622 1340 1624 1345 ¹

937 1353 985 1388 Et
995 1354 1086 1396 hac,
1097 1363 1140 1388 ut
1150 1363 1247 1389 recte
1258 1355 1426 1388 observat
1435 1354 1586 1389 Casaub.
1607 1360 1613 1363 “

938 1419 1013 1441 non
1025 1408 1155 1454 privati
1173 1408 1339 1449 hominis,
1346 1417 1400 1443 est
1411 1409 1584 1456 impensa.

939 1461 996 1496 Ita
1015 1461 1126 1507 igitur
1145 1461 1328 1508 jungenda
1349 1470 1435 1496 sunt
1455 1475 1590 1509 praece-

939 1513 1133 1556 dentibus,
1148 1523 1184 1549 et
1200 1513 1286 1548 sun‘t
1302 1515 1464 1562 exempla
1482 1515 1589 1549 colla-

940 1567 1083 1600 tionum
1103 1580 1183 1613 quae
1202 1568 1342 1601 civibus
1357 1568 1509 1602 suerunt
1523 1568 1591 1601 im-

940 1629 1072 1666 peratae
1091 1634 1110 1654 a
1124 1621 1200 1654 Caii
1218 1621 1532 1681 procuratoribus,
1546 1621 1591 1655 ad

937 1664 1188 1716 celebranflpm
1200 1674 1390 1708 victoriam
1407 1675 1497 1720 ejus.
1509 1674 1591 1707 Μο-

938 1727 987 1759 ris
1009 1717 1250 1766 enim-Romae
1269 1736 1365 1769 erat,
1381 1735 1423 1761 ut
1438 1723 1591 1774 epulum

939 1787 976 1813 et
1002 1780 1193 1814 visceratio
1232 1781 1409 1814 darentur
1450 1779 1592 1827 populo

940 1846 959 1867 a
998 1833 1329 1880 triumphantibus,
1365 1833 1592 1868 frumentum

941 1887 1048 1921 etium
1073 1888 1210 1922 viritim
1232 1883 1481 1939 dividebatur,
1507 1900 1592 1921 cum

941 1941 1022 1974 oleo
1041 1949 1078 1974 et
1094 1941 1268 1974 nummis.
1288 1940 1328 1977 C.

987 1995 1045 2027 51.
1060 1997 1115 2026 An
1127 1993 1328 2039 prohibes-³]
1345 1994 1402 2026 An
1417 2001 1479 2035 tu,
1492 1996 1515 2026 ὃ
1529 1993 1593 2026 he·

938 2059 996 2085 res
1005 2073 1017 2088 ‚
1030 2045 1124 2082 illud
1135 2046 1217 2081 fieri
1231 2056 1329 2081 vetas
1341 2046 1409 2080 ?——-
1418 2049 1481 2079 Dic
1495 2049 1593 2079 clare.

288 2175 332 2204 V.
350 2175 408 2205 51.
430 2174 503 2204 Non
527 2172 772 2214 udeo,inqu1“s.
797 2172 908 2205 Codd.
930 2174 1071 2204 Putean-
1096 2172 1246 2204 Colbert.
1270 2173 1417 2211 11,111‚
1436 2170 1595 2200 Mazarin.

240 2226 401 2257 Fauohee
410 2226 484 2257 cod.
497 2233 625 2264 noster,
633 2232 668 2256 et
680 2226 778 2256 multi
789 2225 866 2265 alii,
877 2235 943 2255 non
955 2225 1082 2262 audeo,
1097 2224 1225 2265 inquis,
1239 2234 1313 2265 quae
1326 2223 1426 2253 lectio
1435 2223 1594 2263 genuina,

243 2285 276 2309 et
295 2278 337 2310 ab
360 2286 496 2309 auctore
517 2278 671 2320 profecta
694 2277 795 2309 nobis
816 2277 1005 2315 videretur;
1030 2277 1094 2307 nisi
1118 2283 1263 2306 metrum
1289 2275 1320 2304 ei
1344 2274 1594 2304 adversaretur:

243 2331 333 2362 unde
349 2331 501 2373 suspicor
519 2331 622 2361 fuisse
642 2331 737 2372 prius
756 2330 937 2371 scriptum:
957 2329 1108 2371 Largior.
1124 2330 1177 2358 An
1198 2326 1376 2368 prohibes?
1400 2325 1504 2356 Clare.
1522 2326 1596 2356 Non

244 2385 370 2421 audeo,
390 2385 510 2426 inquis.
518 2385 677 2415 —Clam
701 2384 906 2415 Subauditur
928 2382 1000 2418 dic,
1016 2381 1132 2423 parlez
1150 2389 1213 2411 net
1221 2380 1404 2410 ——Audea
1423 2379 1558 2411 vocalis
1577 2392 1597 2411 ο

246 2446 320 2466 non
334 2436 486 2474 eliditur,
500 2447 560 2478 per
573 2436 740 2467 licentiam
756 2435 930 2476 poeticam.
943 2436 989 2465 At
1002 2433 1137 2469 melius,
1150 2438 1265 2462 nostro
1278 2431 1429 2473 judicio,
1442 2437 1507 2462 vet.
1519 2432 1597 2463 edit.

249 2487 369 2518 Britan.
379 2488 455 2518 Non
466 2488 571 2519 ausim
583 2511 594 2525 ,
608 2488 714 2529 inquis
721 2499 735 2524 ;
752 2494 789 2517 nt
804 2487 848 2516 sit
859 2497 976 2517 versus
992 2484 1205 2526 spondaicus.
1219 2484 1303 2524 Quae
1320 2484 1480 2515 lectiones
1499 2486 1598 2517 varie

249 2547 393 2571 nostram
413 2541 720 2583 interpretationem
740 2539 938 2571 confirmant
957 2550 964 2569 :
987 2532 1060 2569 non
1082 2537 1209 2574 audeo,
1227 2537 1281 2568 vel
1301 2548 1373 2569 non
1390 2538 1494 2569 ausim
1512 2540 1600 2570 acd-

251 2604 328 2634 pere
343 2600 434 2625 tuam
447 2594 684 2632 hereditatem3
698 2604 775 2625 nam
792 2604 869 2635 ager
884 2600 963 2624 tuus
976 2599 1140 2624 exossatus
1149 2614 1160 2629 ‚
1175 2591 1359 2624 exhaustus
1372 2599 1436 2623 est.
1445 2593 1495 2625 lv
1503 2592 1603 2624 codd.

254 2655 380 2678 tantum
398 2648 542 2679 habent:
562 2660 627 2680 non
642 2649 724 2680 adeo
735 2671 745 2684 ‚
764 2647 879 2689 inquis.
