1846 3184
473 284 579 335 Μ’
596 282 817 337 IMR&
828 282 1075 331 mxu-121
1099 284 1311 330 SATIR.
1477 303 1570 348 297

793 370 836 408 X
844 366 957 407 XVI
968 369 1001 406 Ι.

281 433 412 474 Primo
423 426 624 474 redundat
638 445 800 480 aurum,
816 445 863 471 ac
881 432 1052 471 thesauri
1073 441 1221 485 patent.

776 500 817 536 X
827 499 868 535 X
875 500 910 535 V
919 499 939 535 1
953 499 972 534 1
984 499 1016 534 Ι.

280 563 493 611 Persuade,
512 570 552 601 et
567 562 708 608 transi,
726 561 787 600 vel
808 562 881 607 da,
899 561 1157 613 quamobrem
1178 569 1359 605 nauseas.

798 629 840 665 X
849 629 890 665 X
901 629 921 664 1
933 628 986 664 Χ.
1192 642 1195 643 ’

280 695 385 732 Ριιοιῐ
396 700 578 745 praeterea
595 692 737 730 nostn’s
754 692 825 743 qui
840 691 1005 730 subeant
1016 691 1146 740 jubet.

822 757 862 794 Χ
872 757 913 793 Χ
924 758 976 794 X.

280 821 409 868 nalo,
427 821 559 860 hercle
572 850 583 868 ‚
598 829 726 859 vestro
742 821 985 859 confectores
1005 820 1224 860 cardinum.

340 880 343 882 “
634 878 637 880 ’
811 886 995 922 ΧΧΧι

280 949 454 988 Lucilius
473 949 505 986 si
526 949 566 986 in
584 961 715 986 amore
733 948 890 987 in-itarit
908 961 995 986 suo.

783 1014 823 1050 Χ
834 1014 875 1051 X
885 1014 925 1051 X
937 1015 957 1050 1
970 1015 1005 1050 1.
1053 1031 1060 1038 -

282 1078 423 1115 Utrum
438 1090 561 1122 anno,
581 1090 631 1114 an
648 1076 773 1115 horno
793 1084 831 1115 te
848 1077 1054 1115 abstuleris
1070 1091 1093 1115 a
1110 1079 1208 1117 viro.

777 1143 817 1178 X
827 1142 868 1178 X
879 1142 919 1179 X
930 1143 950 1178 1
962 1144 981 1179 1
992 1144 1023 1179 Ι.

283 1206 399 1243 Anno
413 1212 585 1243 vertente
595 1232 607 1250 ‚
628 1204 711 1243 dies
728 1204 817 1243 tetri
826 1233 838 1251 ,
853 1205 984 1244 miseri
997 1235 1009 1251 ‚
1026 1219 1072 1244 ac
1087 1206 1271 1259 religiosi.

786 1271 827 1307 X
837 1271 878 1306 X
890 1271 929 1307 X
940 1272 959 1307 1
967 1273 1015 1307 V.

282 1334 464 1371 Praeterea
486 1333 570 1371 haec
590 1333 781 1371 subsiciva
800 1334 834 1371 si
851 1334 1011 1385 quando
1027 1335 1136 1374 voles
1152 1348 1322 1388 operam.

751 1428 756 1430 ,
796 1398 838 1434 Χ
847 1400 889 1436 Χ
900 1400 940 1435 Χ
949 1400 997 1435 Ὺ.

281 1460 431 1507 Vitam,
451 1473 495 1499 ac
515 1461 689 1499 fortunas
704 1461 770 1500 cui
787 1461 1023 1500 crediderim
1040 1476 1160 1502 meas.

781 1527 822 1564 X
833 1528 873 1564 X
884 1528 926 1564 X
935 1528 973 1563 V
983 1529 1015 1564 Ι.

285 1588 357 1627 ctu·
378 1601 478 1639 saepe
495 1588 666 1640 imposui
683 1587 791 1627 mille
812 1589 1015 1641 plagarum
1026 1591 1073 1629 in
1091 1591 1209 1630 diem.

768 1654 807 1690 X
818 1656 858 1691 X
869 1656 910 1691 X
918 1654 1026 1690 VH.

282 1716 563 1756 sarcinatorem
581 1729 663 1768 esse
682 1729 880 1754 summum
891 1746 903 1763 ‚
922 1730 1033 1756 suere
1049 1727 1256 1758 centonem
1272 1730 1446 1773 optume.

757 1783 796 1818 Χ
808 1783 848 1818 Χ
859 1784 898 1819 Χ
907 1784 943 1818 v
952 1784 972 1818 1
986 1784 1004 1819 1
1017 1785 1049 1820 1.
1180 1830 1186 1835 .

292 1844 408 1881 Tanti
427 1844 606 1895 tempori’
624 1858 664 1883 se
682 1852 835 1883 montes
853 1853 892 1883 et
910 1845 1055 1884 foedera
1073 1847 1224 1886 tollent.

771 1901 826 1964 ’Χ
836 1911 875 1946 Χ
887 1910 926 1946 Χ
936 1911 956 1946 1
968 1912 1019 1947 Χ.

283 1973 432 2011 Verum
448 1980 494 2009 tu
510 1972 609 2023 quid
625 1972 734 2024 agis?
750 1971 955 2023 interpella
973 1987 1058 2021 me,
1077 1983 1124 2012 ut
1140 1975 1272 2014 sciam.

768 2056 771 2060 ·
853 2037 948 2074 XL.

281 2099 599 2151 Ptospiciendnm
615 2112 707 2152 ergo
723 2100 767 2138 in
786 2108 937 2139 senecta
947 2131 959 2150 ‚
979 2115 1086 2141 nunc
1103 2103 1362 2143 adolescentia
1380 2114 1450 2143 est.

21 2226 23 2228 ·
279 2221 337 2250 ²7·
360 2210 517 2242 Nonius:
533 2211 743 2250 nedundare,
763 2211 875 2244 abun·
978 2215 1032 2251 34.
1052 2216 1201 2247 Nonius:
1222 2216 1434 2253 Subsicaeieum,
1455 2227 1578 2251 secun-

32 2264 37 2267 ’
233 2261 332 2301 dare,
347 2274 528 2305 supet-me.
612 2293 616 2295 Δ
726 2291 729 2295 ,
929 2261 1028 2299 dnm,
1050 2273 1199 2303 sequens.

30 2355 32 2357 Ι
106 2339 109 2341 -
278 2315 335 2346 28.
350 2315 502 2347 Nonius:
517 2317 592 2352 Da,
602 2315 675 2348 die.
976 2313 1351 2351 35.N0n.Coedem,fldei
1358 2317 1577 2349 committere.

2 2380 6 2398 5
27 2371 30 2374 ’
234 2368 236 2370 ’
277 2378 333 2409 ²9·
348 2368 500 2400 Nonius.
492 2380 500 2385 ·
514 2364 626 2406 Scibine
641 2368 806 2412 significat
818 2370 876 2400 iu-
976 2367 1030 2413 36.
1049 2367 1180 2398 Nonius
1190 2378 1199 2396 :
1219 2368 1381 2399 Genitivus
1401 2380 1494 2402 oesns
1510 2373 1588 2413 poi

15 2427 25 2439 ³
232 2420 331 2468 gredi.
928 2418 1010 2450 situs
1027 2430 1090 2461 pro
1107 2420 1303 2451 accusativo.

5 2483 54 2519 *J
279 2472 335 2504 3ο.
346 2473 498 2506 Nonius:
517 2474 695 2518 anficem,
713 2474 871 2517 frangere.
975 2473 1033 2510 37.
1050 2473 1198 2503 Nonius:
1216 2474 1422 2512 Saminator,
1439 2482 1542 2509 sutor.

5 2551 17 2570 4,
278 2524 334 2555 31.
350 2518 500 2558 Nominis:
514 2527 592 2559 vide
605 2538 730 2569 supra.
973 2525 1028 2555 38.
1045 2526 1195 2556 Nonius:
1212 2527 1333 2558 Tollere
1345 2535 1396 2559 est
1411 2529 1550 2563 elevare.

0 2585 5 2602 .-
111 2596 116 2602 ·
278 2576 335 2607 32.
347 2577 499 2611 Nonius·
511 2580 677 2611 Humum
667 2579 773 2622 ipsius
782 2579 871 2610 anni.
972 2579 1029 2618 39.
1038 2578 1190 2610 Nonius:
1202 2578 1433 2622 ΙηιεῃκΠαπ,
1437 2582 1575 2647 dhre,

1 2604 29 2688 ᾗ
279 2628 334 2659 33.
342 2628 488 2662 Nouius:
499 2631 872 2675 Magiosidiesinfames
925 2631 1058 2663 ducere·

3 2688 27 2761 ἓ
51 2683 54 2685 ’
231 2679 390 2713 dicuntur
403 2688 436 2714 et
451 2682 594 2718 infami.
789 2716 793 2719 .
972 2691 1026 2723 4ο.
1036 2684 1123 2719 Non.
1134 2687 1266 2727 Semta
1276 2672 1534 2732 proseheetute.

6 2782 28 2816 -3‹
