1846 3184
216 310 271 363 54

555 310 606 351 Α.
645 307 895 352 PERSII
933 307 1186 352 FLACCI

272 393 401 435 Nunc
418 391 554 434 Licini
570 392 615 433 in
637 406 810 450 campos
822 424 834 444 ‚
848 407 964 433 nunc
979 392 1114 434 Crassi
1130 392 1261 433 mittit
1275 391 1320 433 in
1339 389 1460 434 aedes.

273 470 403 511 Hunc
419 479 568 526 optent
585 483 789 526 generum
808 484 882 510 rex
899 465 945 510 et
961 469 1125 527 regina:
1145 468 1295 526 puellae

273 546 404 588 Hunc
424 545 613 603 rapiant:
631 544 846 602 quidquid
863 545 1084 587 calcaverit
1101 545 1173 587 hic
1188 577 1200 598 ,
1218 559 1313 587 rosa
1331 543 1416 586 fiat.

273 622 354 663 Ast
376 635 455 679 ego
479 620 640 662 nutrici
663 635 751 662 non
777 620 934 662 mando
956 631 1081 673 vota3
1102 631 1254 679 negato

273 697 443 753 iupiter
462 696 552 737 haec
571 696 657 748 illi,
677 684 869 752 quamvis
889 706 931 738 te
948 697 1088 738 albata
1106 697 1276 754 rogarit.

276 772 418 813 Poscis
435 786 561 829 opem
574 771 720 813 ‘nervis
731 803 742 824 ,
763 786 1007 829 corpusque
1024 771 1149 814 fidele
1165 783 1355 814 senectae.

219 918 267 926 -—-
277 903 368 942 Spem
377 911 534 931 macram.
550 897 594 931 Id
609 906 660 932 est
670 922 680 938 ‚
693 897 865 931 infantem

222 952 268 986 de
296 964 370 998 quo
399 951 518 985 tenuis
543 951 662 984 adhuc
687 963 768 996 spes
792 963 866 985 esse

221 1013 350 1051 potest.
366 1009 441 1047 Spes
458 1004 593 1037 Latinis
612 1003 794 1037 familiaris
811 1004 866 1037 lo-

223 1057 340 1099 cutio,
354 1069 422 1102 pro
433 1056 589 1102 pueritia
603 1066 638 1090 et
651 1058 843 1102 juventute
857 1069 866 1090 ε

224 1110 397 1156 Virgilius
414 1123 422 1142 :
437 1110 504 1142 Nec
517 1123 585 1153 spes
593 1112 667 1154 jam
685 1119 785 1142 restat
794 1111 869 1142 Iuli.

273 1166 330 1195 36.
345 1165 440 1195 Nunc
451 1164 556 1195 Licini
566 1164 599 1195 in
611 1162 758 1208 campos]
775 1164 873 1196 Vota

223 1216 384 1262 primum
398 1216 482 1249 facit
496 1228 564 1262 pro
577 1215 734 1258 divitiis,
748 1215 849 1262 quod
860 1241 871 1257 ‚

227 1269 309 1314 quia
327 1269 657 1314 frequentissimum
675 1278 746 1310 est,
769 1277 872 1302 caete-

226 1322 276 1354 ris
298 1321 465 1354 omnibus
491 1329 767 1367 praeposuerunt
788 1321 872 1354 Per·

227 1375 300 1407 sius
313 1381 348 1407 ct
360 1375 382 1407 J
386 1386 491 1407 uven.
504 1374 709 1407 C.——-Licini.
722 1373 872 1407 Casaub.

227 1427 305 1460 vult
319 1426 473 1472 intelligi
491 1425 672 1460 Licinium
691 1426 874 1459 Stolonem

230 1481 331 1525 cujus
340 1479 505 1514 meminit
518 1479 592 1512 Liv.
603 1479 667 1512 lib.
678 1479 764 1519 VII,
773 1491 801 1512 c.
819 1480 874 1520 16;

230 1545 296 1579 ego
311 1545 395 1567 vero
408 1532 576 1566 Licinum
588 1533 681 1578 Aug.
695 1540 878 1566 tonsorem

231 1594 267 1619 et
280 1586 465 1619 libertum.
476 1586 561 1619 Vet.
577 1585 685 1618 schol.
705 1602 719 1615 ιι
734 1586 788 1619 De
808 1585 879 1618 hoc

235 1653 250 1668 e
266 1650 338 1671 non
359 1637 591 1672 invenustum
609 1638 780 1672 Varronis
803 1638 880 1684 epi-

235 1708 250 1720 ·
266 1703 419 1737 gramma
435 1691 552 1725 fertur
568 1702 576 1723 :
604 1700 609 1705 ’

232 1745 409 1774 Marmoreo
431 1743 556 1774 Licinus
584 1743 703 1773 tumulo
726 1742 826 1782 jacet,
848 1748 880 1772 at

316 1792 391 1820 Cato
411 1799 528 1830 parvo,

253 1838 418 1877 Pompeius
427 1837 526 1866 nullo:
538 1837 606 1877 quis
613 1843 701 1876 putet
710 1847 775 1866 esse
782 1837 880 1866 Deos?

235 1885 290 1918 De
300 1882 426 1918 eodem
436 1884 576 1923 Licino,
584 1882 709 1917 vid.ad
718 1883 882 1916 Juvenal.

236 1946 301 1971 sat.
314 1937 350 1978 Ι,
368 1948 432 1980 1⁰9
444 1961 454 1977 .,
470 1936 522 1978 X,
539 1935 623 1976 223,
635 1936 739 1977 XIV,
751 1935 883 1968 306.—

237 1991 348 2022 Crassi.
357 1988 581 2034 Cognomine
589 1986 724 2029 divitis,
734 1988 816 2021 satis
823 1999 885 2021 no-

239 2043 281 2077 ti.
295 2043 349 2075 De
363 2054 405 2075 eo
418 2043 568 2087 ejusque
582 2040 780 2074 miserrimo
795 2041 884 2074 inte-

239 2095 323 2135 ritu,
338 2093 412 2128 vid.
429 2093 515 2127 Juv.
535 2101 600 2126 sat.
618 2093 675 2134 X,
690 2105 726 2127 v.
746 2093 825 2126 108.
840 2093 883 2125 A.

287 2148 343 2193 37.
361 2149 455 2180 Hunc
473 2155 584 2189 optent
598 2148 777 2189 generum.]
791 2146 886 2179 Vota

237 2212 306 2247 pro
328 2199 504 2246 potentia.
516 2201 694 2232 —Puellae
717 2199 803 2231 hunc
827 2193 882 2230 νὰ-

237 2255 342 2298 piant.
354 2253 447 2287 Vota
458 2264 527 2298 pro
541 2251 667 2286 forma.

290 2306 348 2338 38.
384 2306 552 2348 Quidquid
583 2303 755 2337 calcaverit
764 2328 776 2342 ‚
802 2312 859 2335 etc.
872 2304 885 2347 ]

241 2356 336 2392 'Vota
356 2371 425 2404 pro
448 2357 609 2391 absoluta
630 2356 798 2390 omnibus
818 2367 887 2389 nu-

242 2411 349 2444 meris
359 2409 537 2445 felicitate.
544 2408 727 2444 Claudiau.
733 2409 772 2442 in
781 2407 887 2443 laude

245 2463 384 2498 Serenae
404 2477 411 2497 :

253 2537 431 2546 ......
455 2518 660 2556 Quocumque
674 2524 730 2556 per
739 2515 869 2545 herbam

246 2559 392 2600 chtares
402 2584 411 2599 ,
427 2561 540 2591 fluxere
554 2564 641 2591 rosaei
651 2562 660 2570 ⁵
663 2582 834 2591 ......
855 2559 891 2589 C.

966 898 1024 943 39.
1043 902 1104 932 Ast
1125 913 1184 944 ego
1210 901 1331 933 nutrici
1353 913 1419 933 non
1441 901 1561 932 mando

917 954 1023 995 vota]
1033 952 1154 985 Nolim
1166 953 1344 986 nutricem
1354 951 1393 986 id
1402 951 1471 986 sihi
1481 964 1562 986 mu-

919 1003 1014 1038 neris
1049 1015 1228 1037 assumere
1239 1027 1250 1044 ,
1274 1012 1317 1037 ut
1346 1015 1416 1050 pro
1445 1016 1564 1050 puero

920 1065 1003 1091 vota
1027 1056 1219 1102 concipiat.
1241 1056 1357 1090 Notus
1380 1064 1432 1091 est
1451 1067 1564 1091 eacus

924 1110 1110 1144 nutricum
1137 1110 1175 1143 in
1201 1109 1366 1143 alumnos
1391 1109 1566 1151 affectus3

924 1161 986 1197 sed
1001 1162 1171 1209 quoniam
1185 1175 1205 1197 a
1218 1161 1436 1196 mulierculis
1447 1161 1569 1196 abesse

925 1217 1014 1250 solet
1027 1215 1223 1262 prudentia
1234 1240 1247 1261 3
1263 1214 1394 1261 quibus
1414 1226 1460 1248 ne
1479 1214 1570 1248 lihe-

924 1268 1006 1302 ralis
1035 1267 1183 1314 quidem
1211 1265 1376 1301 educatio
1401 1266 1572 1313 contigit,

926 1329 1050 1367 optant
1084 1321 1194 1366 igitur
1219 1331 1378 1366 persaepe
1404 1319 1473 1354 illae
1500 1318 1574 1353 suis

925 1373 1080 1407 alumnis
1091 1385 1171 1419 quae
1186 1385 1260 1415 non
1275 1380 1360 1406 sunt
1369 1372 1456 1407 vere*
1463 1372 1572 1413 bona,

927 1425 988 1460 sed
1015 1439 1093 1472 quae
1119 1426 1204 1472 ipsis
1224 1424 1405 1459 videntur.
1432 1425 1574 1459 Horum

929 1492 1041 1526 porro
1058 1488 1268 1525 parentum,
1281 1477 1325 1512 de
1341 1478 1474 1524 quibus
1490 1484 1573 1523 stip⁴

932 1533 1060 1566 similia
1073 1544 1146 1566 esse
1160 1540 1240 1565 vota
1252 1532 1332 1566 vult
1345 1531 1486 1565 Persius
1496 1531 1577 1564 ista·

932 1599 1014 1620 rum
1037 1586 1299 1619 nutricularum
1318 1584 1451 1618 insanis
1467 1584 1573 1619 votis.

933 1638 1058 1672 Senec.
1073 1638 1176 1685 epist.
1191 1638 1256 1671 LX
1270 1639 1474 1671 :Etiamnum
1487 1646 1578 1680 optas

932 1704 1007 1735 quae
1026 1693 1085 1723 tibi
1104 1692 1225 1734 optavit
1243 1691 1375 1730 nutrix,
1391 1691 1576 1732 autpoeda-

929 1756 1032 1788 gogus
1038 1768 1050 1782 ‚
1063 1752 1122 1775 aut
1128 1748 1254 1776 mater-,³
1263 1744 1415 1775 Nondum
1425 1743 1576 1786 intelligis

933 1807 1092 1840 quantum
1107 1798 1187 1829 mali
1203 1797 1388 1839 optaverint.
1412 1794 1456 1829 C.

981 1860 1040 1897 40.
1061 1854 1209 1900 Albam]
1232 1854 1331 1888 Albis
1348 1853 1506 1888 vestibus
1521 1851 1579 1886 in-

935 1908 1016 1943 duti
1034 1916 1135 1942 erant
1157 1908 1221 1955 qui
1241 1906 1506 1948 sacrificabant,
1522 1904 1581 1940 vel

936 1974 1031 1996 sacra
1053 1960 1215 2008 quaedam
1241 1959 1408 2007 agebant,
1421 1959 1479 1994 vel
1499 1971 1583 2006 pre-

936 2015 1121 2054 cabantur,
1132 2027 1175 2049 eo
1186 2013 1285 2060 quod
1297 2013 1356 2047 ille
1368 2010 1502 2046 candor
1509 2022 1585 2047 ves-

937 2068 981 2101 tis
994 2076 1103 2115 typus
1115 2067 1159 2100 sit
1169 2066 1279 2100 animi
1289 2065 1517 2101 innocentiae.
1537 2064 1580 2098 P.

985 2134 1005 2171 4
1012 2141 1040 2163 1.
1051 2130 1155 2162 Poscis
1165 2142 1254 2173 opem
1264 2129 1383 2167 nervis,
1395 2129 1466 2171 eta]
1477 2127 1584 2159 Dam-

937 2190 999 2216 nat
1025 2182 1211 2215 temeraria
1235 2188 1315 2215 vota
1344 2190 1471 2213 eorum
1482 2203 1493 2222 ,
1516 2176 1593 2225 qui,

937 2235 1006 2269 sibi
1042 2234 1187 2280 suisque
1212 2233 1308 2268 votis
1344 2231 1501 2266 obstant.
1533 2231 1582 2264 Et

936 2287 1055 2333 primo
1075 2286 1138 2332 qui
1158 2285 1319 2331 corporis
1330 2284 1423 2319 vires
1441 2291 1477 2317 et
1495 2281 1584 2317 sani-

939 2348 1049 2374 tatem
1067 2345 1214 2385 optant,
1228 2345 1263 2371 et
1284 2336 1489 2383 crapulfse
1500 2347 1582 2370 ene-

939 2399 1041 2433 cant;
1062 2389 1193 2425 deinde
1205 2414 1217 2431 ‚
1241 2389 1305 2436 qui
1331 2387 1477 2424 divitias
1499 2399 1584 2434 pos-

940 2452 1046 2488 cunt,
1061 2451 1095 2479 et
1109 2456 1171 2478 sua
1183 2444 1361 2477 incassum
1371 2439 1583 2488 dilapidant:

940 2510 1017 2532 uno
1029 2498 1157 2539 verbo,
1172 2508 1234 2530 sua
1247 2496 1392 2542 ipsimet
1405 2502 1488 2528 vota
1501 2505 1587 2527 con-

942 2552 1049 2587 traria
1059 2552 1140 2587 vitae
1152 2551 1290 2585 ratione
1300 2547 1505 2583 destruunt.
1517 2548 1584 2582 Τὰν

298 2660 340 2689 V.
361 2661 413 2690 36.
433 2661 545 2691 Licini.
559 2660 723 2692 Nonnulli
740 2658 838 2691 codd.
855 2657 987 2696 Latini,
1003 2655 1137 2693 Lucini,
1154 2654 1288 2692 Liclini,
1304 2654 1360 2686 alii
1378 2653 1587 2695 corruptius,

251 2718 288 2743 ut
302 2723 444 2754 persaepe
465 2713 522 2753 fit,
537 2712 612 2745 cum
630 2714 671 2745 de
685 2714 830 2756 propriis
843 2710 1037 2745 nominibus
1051 2710 1170 2754 agitur.
1185 2709 1266 2743 eod.
1279 2715 1409 2748 noster,
1424 2705 1538 2739 Licini.
