1846 3184
237 288 320 315 210
447 240 598 315 JAN1
631 273 892 316 DoUSAE
930 274 1364 320 scHEmAsMA

233 357 348 405 cujus
375 356 668 395 existimationis
696 358 886 395 rationem
915 358 947 395 si
975 371 1047 410 pro
1074 372 1248 411 personae
1275 360 1500 399 matronalis
1521 359 1583 399 di·

230 421 376 473 gnitate
408 420 550 459 habere
579 420 820 459 voluerimus
843 451 854 469 ,
882 430 1003 461 totam
1041 437 1141 474 pene
1172 425 1311 476 prioris
1346 425 1582 463 hemistichii

229 494 399 537 partem,
419 494 637 523 retexamus
659 499 814 524 necesse
834 487 918 524 erit.
939 487 1018 525 Sed
1037 489 1164 536 enim,
1181 488 1254 527 hoc
1275 489 1422 541 absque
1445 499 1582 528 aucto-

227 550 337 589 ribus
360 550 469 588 libris
492 551 690 588 infirmum
706 579 716 595 ‚
737 564 866 603 neque
891 552 990 590 adeo
1013 560 1146 591 tutum
1170 555 1281 592 satis:
1300 568 1401 606 quos
1418 555 1580 606 quidem

227 629 300 666 ego
313 616 586 667 suffragatores
602 615 634 652 si
645 614 829 652 haberem
844 615 961 662 mihi,
976 615 1143 655 libenter
1154 617 1313 656 hercule
1324 620 1579 671 reposuerim.

458 694 572 734 Teque
589 699 749 735 tuosque,
766 704 871 735 praees
887 694 982 736 queis
999 694 1266 735 facundisssima,
1283 697 1385 729 colles

458 746 652 794 Aggredior.

227 815 301 853 Vel
322 815 438 852 etiam
452 844 463 861 ,
485 817 615 852 calles.
637 815 765 853 Habes
783 824 994 867 protenus:

225 914 264 940 v.
290 914 354 941 12.
374 898 457 940 Dic
475 898 583 940 mihi
597 930 610 950 ,
631 897 846 957 Calliope,
867 898 1075 956 quidnam
1092 909 1214 957 pater
1229 900 1301 942 ille
1318 901 1508 944 Deorum

375 964 545 1023 Cogitat
557 963 601 1022 ἓ]

276 1041 438 1087 Mirum,
449 1039 496 1095 nifl'
503 1041 553 1079 ad
563 1055 726 1079 aureum
735 1041 851 1088 illud,
861 1050 980 1092 atque
989 1054 1037 1078 ex
1048 1042 1156 1079 omni
1166 1050 1274 1093 parte
1289 1043 1447 1081 beatum
1456 1038 1576 1083 Flavii

223 1106 362 1157 patris,
378 1120 421 1144 ac
436 1107 514 1144 Titi
525 1107 748 1157 Vespasiani
762 1106 831 1143 filii
849 1106 1036 1143 saeculum
1050 1107 1261 1158 respexerit
1270 1108 1419 1145 Poetria
1431 1117 1576 1156 nostra,

224 1171 337 1218 cujus
349 1171 447 1208 adeo
463 1171 649 1209 memoria
661 1201 671 1218 ‚
690 1171 814 1209 immo
833 1170 976 1208 sublati
992 1185 1039 1209 ex
1055 1171 1180 1210 oculis
1196 1171 1433 1211 desiderium
1445 1173 1580 1225 potius

223 1248 358 1273 recens
379 1236 496 1273 etiam
517 1244 603 1273 tum
623 1235 849 1274 mortalium
873 1236 1011 1274 animis
1039 1235 1338 1284 obversabatur,
1359 1251 1404 1276 ac
1426 1246 1579 1277 tantum

221 1314 302 1339 non
329 1301 562 1352 impressum
587 1300 805 1348 residebat3
826 1309 866 1338 et
892 1288 1055 1352 quidem
1079 1314 1126 1339 eo
1154 1301 1325 1349 firmius,
1343 1315 1387 1340 ac
1414 1303 1579 1354 propius

220 1364 408 1403 medullis
431 1396 442 1413 ‚
473 1367 554 1417 quo
585 1366 710 1414 major
738 1365 981 1417 Reipublicae
1014 1366 1180 1404 mutatio
1214 1368 1335 1413 facta,
1363 1368 1578 1406 Domitiani

221 1430 454 1468 successoris
475 1429 680 1468 insolentia
703 1431 892 1478 maxime,
915 1431 1097 1468 terribilis
1122 1432 1272 1469 cunctis
1291 1441 1330 1469 et
1347 1432 1473 1470 invisi.
1493 1436 1578 1472 Me-

220 1496 320 1533 rito:
337 1495 484 1546 quippe
497 1509 618 1546 quem
637 1508 717 1532 non
736 1495 864 1532 solum
880 1509 1028 1546 magnae
1041 1525 1052 1542 ,
1074 1496 1142 1533 sed
1164 1505 1203 1534 et
1224 1496 1375 1535 callidae
1393 1498 1577 1549 inopinae-

221 1569 350 1612 taeque
365 1560 520 1598 saevitiae
538 1562 820 1611 Imperatorem
834 1560 952 1597 fuisse
963 1589 974 1606 ,
994 1559 1174 1611 perhibet
1192 1562 1415 1600 Suetonius.

220 1658 259 1684 v.
284 1642 349 1685 13.
381 1673 863 1684 .................
889 1641 1034 1683 Patria
1054 1642 1203 1684 saecula
1220 1653 1359 1684 mutat
1371 1642 1415 1701 P]

274 1726 413 1762 Patria
433 1738 526 1776 ergo
550 1726 697 1761 soecula
708 1753 722 1770 ,
745 1723 852 1761 haud
877 1723 952 1761 alia
975 1724 1136 1775 utique,
1157 1725 1278 1776 quam
1305 1725 1484 1764 Saturnia
1508 1725 1577 1764 illa

223 1790 402 1828 omnium
428 1794 632 1841 poetarum
652 1789 856 1841 praeconiis
874 1788 1079 1827 celebrata.

221 1887 264 1914 v.
290 1887 305 1913 1
316 1870 355 1913 5.
373 1871 551 1928 Nosque
566 1872 689 1928 jubet
707 1872 856 1930 tacitos
867 1903 879 1924 ,
897 1872 1027 1913 etiam
1043 1871 1224 1913 rationis
1242 1872 1430 1930 egenos.]

274 1956 360 1991 Hoc
379 1961 459 1999 est,
478 1953 616 2004 inopes
634 1954 748 1992 bonae
766 1954 928 2000 mentis,
945 1954 1024 1991 sive
1043 1953 1219 2000 consilii,
1237 1967 1309 1992 nec
1322 1954 1402 2003 jam
1418 1955 1577 1993 rationis

222 2019 391 2070 amplius
402 2046 412 2064 ,
428 2018 491 2055 vel
502 2017 643 2070 judicii
657 2018 778 2055 ullius
797 2019 956 2056 sanioris
975 2026 1178 2069 compotes
1189 2047 1199 2065 ‚
1215 2018 1336 2056 veluti
1353 2027 1459 2057 muta
1477 2019 1580 2070 (hoc

222 2084 326 2121 enim
346 2085 382 2118 τὸ
403 2085 536 2120 tacitos
553 2081 638 2119 vult
657 2082 754 2132 sibi)
780 2095 921 2132 pecora
947 2082 1020 2119 sub
1043 2082 1185 2133 jugum
1209 2082 1347 2130 missa,
1371 2083 1434 2121 vel
1461 2085 1577 2134 (cum

221 2148 361 2186 Flacco
379 2155 424 2185 ut
442 2146 591 2197 dicam)

467 2239 759 2250 .............
779 2217 906 2259 Iniquae
924 2218 1044 2247 mentis
1062 2217 1179 2248 asellos
1189 2239 1198 2254 ‚

223 2283 416 2322 auriculas
436 2282 707 2329 demittentes,

461 2353 544 2386 Cim:
563 2354 691 2396 gravius
709 2353 807 2384 dorso
825 2353 955 2384 subiere
973 2363 1071 2384 onus.

224 2418 370 2456 Eadem
385 2418 474 2464 illa,
492 2431 611 2469 quam
627 2417 839 2456 memoravi
853 2417 973 2455 modo
983 2446 993 2463 ‚
1011 2417 1210 2468 tyrannica
1223 2415 1435 2454 Domitiani
1451 2416 1572 2455 domi·

224 2484 382 2521 natione
407 2476 636 2535 oppressoS‚
656 2496 703 2521 ac
726 2482 847 2521 modo
872 2496 953 2521 non
979 2481 1156 2520 redactos
1183 2481 1233 2520 ad
1258 2481 1576 2520 extremissimam

225 2562 356 2585 rerum
387 2549 566 2586 omnium
595 2547 798 2599 penuriam
824 2560 868 2585 ac
898 2547 1218 2599 desperationem.
1245 2549 1309 2584 An
1342 2545 1418 2583 hoc
1445 2546 1578 2597 potius

226 2614 366 2663 quaerit
383 2613 578 2664 Sulpicia,
599 2612 709 2664 quod
733 2613 934 2664 sequentia
957 2612 1187 2650 confirmant
1206 2610 1352 2662 oppido
1365 2640 1376 2657 ‚
1393 2619 1578 2668 utrumne

226 2680 247 2715 J
252 2677 314 2715 ovi
328 2677 529 2716 decretum
545 2679 594 2716 sit
604 2706 614 2725 ‚
633 2670 965 2717 consentientibus
979 2677 1081 2716 Fatis
1092 2706 1102 2725 ,
1115 2677 1255 2715 artium
1268 2705 1279 2723 ,
1297 2675 1578 2735 doctrinarum,
