1846 3184
336 255 415 283 112

578 242 630 284 A.
664 241 877 284 PERSII
909 243 1143 285 FLACCI
1173 244 1306 286 SAT.
1339 244 1419 287 1V.

389 323 684 382 Nequit-quam
711 325 873 383 populo
896 325 1065 367 bibulas
1088 325 1313 368 donaveris
1335 341 1472 368 aures.

1624 330 1669 367 ⁵0

389 399 555 457 Respue
579 400 696 457 quod
721 416 808 442 non
829 416 896 443 es:
919 401 1040 460 tollat
1062 417 1136 444 sua
1161 417 1340 444 munera
1363 401 1492 444 cerdo
1511 417 1520 442 :

389 476 551 518 Tecum
568 476 738 530 habita;
761 476 877 518 noris
898 479 1026 535 quam
1048 478 1101 519 sit
1124 478 1204 520 tibi
1223 489 1342 520 curta
1359 478 1563 536 supelleX.

331 597 498 644 quinium
518 598 680 644 primum
702 599 867 643 erecta),
890 598 974 632 inde

329 662 398 696 per
417 650 547 696 plateas
572 658 608 684 et
631 650 729 684 vicos
759 658 794 683 et
818 651 974 697 compita

329 703 469 749 vagari,
491 711 527 736 et
548 703 671 736 obvios
694 702 829 736 caedere
849 703 973 738 vulne-

327 755 431 789 ribus
451 756 655 802 petulanter
677 768 716 789 ac
738 756 876 790 lascive.
899 757 974 790 Cur

329 817 448 842 autem
453 811 570 852 puteal
576 817 743 842 notanter
754 810 975 855 expresserit,

330 861 473 904 nesci03
489 861 558 895 nis‘i
575 860 674 908 quod
692 862 805 907 reipsa
822 861 919 895 Nero
936 862 974 894 in

328 914 400 948 suis
416 914 600 947 nocturnis
615 914 890 948 excursionibus
904 914 976 960 pla-

329 979 389 1013 gas
401 966 563 1012 (vibices)
576 967 738 1000 intulerit
752 975 787 1000 et
801 967 976 1013 acceperit

328 1020 450 1066 plures
464 1020 516 1053 ibi
532 1025 639 1066 quam
658 1032 887 1066 quocumque
906 1020 975 1053 alio

327 1073 429 1116 loc0;
444 1073 512 1107 nisi
527 1074 619 1107 sorte
638 1072 735 1120 quod
754 1078 860 1119 poeta
877 1074 975 1107 hunc

327 1127 450 1160 locum
469 1127 647 1162 notaverit
662 1127 797 1168 veluti,
813 1135 854 1160 ut
871 1139 976 1174 appa·

329 1188 402 1221 ret,
421 1178 637 1227 flagitiorum
657 1180 857 1214 multorum
868 1205 879 1222 ,
895 1193 974 1227 quae

329 1241 442 1267 noctu
456 1232 598 1274 fierent,
610 1233 768 1267 solemne
782 1234 972 1267 theatrum.

329 1287 422 1321 Nota
440 1295 525 1321 sunt
543 1287 602 1320 illa
619 1286 759 1320 Senecae
779 1286 824 1321 de
840 1287 976 1321 Benefi-

329 1340 393 1373 ciis
403 1365 413 1381 ,
428 1340 491 1373 lib.
501 1340 555 1372 VI
568 1351 576 1372 :
592 1341 689 1372 Divus
700 1343 862 1383 Augustus
863 1341 974 1386 filiam

329 1395 416 1426 intra
427 1395 596 1437 pudicitiae
615 1394 821 1426 maledictum
836 1395 975 1437 impudi-

329 1459 403 1479 cam
415 1447 584 1490 relegavit,
600 1447 772 1492 etflagitia
782 1447 975 1490 principalis

327 1501 440 1532 domus
455 1500 489 1531 in
501 1500 669 1542 publicum
687 1499 810 1530 emisit:
824 1500 975 1531 admissos

325 1553 488 1596 gregatim
501 1553 675 1590 adulteros,
683 1561 885 1595 pererratam
900 1565 975 1584 noc-

329 1606 431 1637 turnis
443 1606 720 1638 comessationibus
736 1605 894 1637 civitatem
902 1605 974 1648 ‚fii-

328 1671 401 1690 rum
411 1660 510 1701 ipsum
519 1671 559 1690 ac
568 1667 690 1697 rostra,
703 1671 746 1690 ea·
756 1659 871 1701 quibus
877 1667 975 1700 pater

329 1714 430 1756 Iegem
448 1713 489 1744 de
508 1712 675 1744 adulteriis
696 1713 816 1744 tulerat
825 1712 927 1756 ,filioe
938 1712 972 1743 in

327 1774 439 1807 stupra
463 1766 624 1807 placuisse
624 1788 713 1796 .....
740 1764 787 1797 Et
817 1763 943 1797 Dionis
959 1789 970 1806 ,

325 1819 347 1854 ἡ
361 1811 465 1852 lot-Ma
475 1819 714 1864 ἀσελγαίνουσσι
724 1815 761 1855 ἦν
774 1818 873 1857 οὕτως
884 1842 895 1860 ‚
910 1818 972 1851 ὧσ-

328 1884 366 1904 τε
385 1872 440 1904 καὶ
465 1872 495 1905 ἐν
516 1875 558 1915 τῇ
582 1872 707 1917 ἀγορᾷ,
725 1870 780 1905 καὶ
800 1872 853 1904 ἐπ’
875 1871 972 1904 eim-0¹3

327 1937 364 1969 γε
379 1926 434 1957 τοῦ
451 1923 597 1968 βήματος
612 1923 667 1957 καὶ
678 1923 837 1969 κωμάζειν
850 1924 972 1970 νύκτωρ

327 1975 381 2009 καὶ
391 1977 572 2022 συμπίνειν.
581 1975 675 2009 Vide
682 1988 830 2022 quoque
839 1977 860 2009 J
865 1987 971 2010 uven.

328 2036 390 2061 sat.
404 2028 459 2061 VI
471 2052 482 2069 ‚
498 2040 533 2062 v.
550 2027 617 2061 302
634 2035 668 2060 et
681 2039 777 2074 seqq.
792 2027 837 2060 de
847 2027 973 2061 Maura

326 2080 506 2127 sociisque
532 2081 607 2127 ejus
635 2079 725 2126 quid
754 2079 862 2113 dicat.
889 2079 973 2113 Haec

328 2133 412 2167 satis
428 2141 512 2167 sunt
533 2132 579 2166 ad
604 2131 884 2166 confirmandam
905 2132 974 2166 Ca—

327 2187 428 2220 saub.
442 2187 684 2232 conjecturam
694 2210 705 2227 ‚
720 2197 799 2231 quae
811 2185 972 2230 alioquin

329 2251 415 2272 cum
428 2238 581 2273 Neronis
589 2247 698 2285 atque
706 2238 812 2271 etiam
821 2237 972 2271 Alcibia-

330 2290 384 2325 dis
396 2292 502 2338 genio
513 2303 585 2335 nqn
601 2303 718 2332 avaro,
727 2290 788 2324 sed
798 2290 974 2337 petulanti

330 2352 366 2378 et
383 2345 538 2392 maligno
560 2344 687 2378 melius
708 2343 915 2378 concordat.
929 2346 972 2377 A.

1074 599 1131 634 5ο.
1150 602 1375 644 Nequit-'quam
1388 603 1530 645 populo,
1547 603 1618 646 etc-J
1631 601 1668 635 Si

1026 659 1059 686 te
1079 660 1212 698 tuaque
1226 653 1312 686 vitia
1334 654 1476 687 noveris
1489 679 1500 694 ‚
1519 664 1593 687 non
1615 661 1668 687 est

1026 703 1124 751 quod
1134 713 1319 751 tantopere
1331 705 1594 739 adulationibus
1607 719 1670 752 po-

1024 757 1104 803 puli
1118 756 1305 791 adhaereas.
1316 779 1362 783 —
1371 760 1546 791 Bibulas....
1564 771 1667 791 aures.

1026 808 1145 843 avidas
1157 809 1271 844 laudis
1285 819 1319 844 et
1335 811 1493 857 plausus.

1075 862 1093 894 5
1102 874 1115 895 1
1124 887 1132 894 .
1149 865 1267 906 Respue
1279 865 1370 906 quod
1379 876 1444 896 non
1458 864 1513 909 es.]
1532 863 1585 897 Ne
1601 864 1667 896 tibi

1027 925 1149 960 arroga
1164 913 1263 960 quod
1276 927 1348 948 non
1363 916 1463 949 estin
1479 924 1514 950 te
1526 929 1536 958 ;
1550 928 1668 962 neque

1028 975 1063 1000 te
1078 967 1156 1014 capi
1170 968 1260 1001 sinas
1275 968 1374 1002 vanis
1391 967 1665 1003 adulationibus.

1028 1019 1151 1054 Senec.
1174 1021 1274 1068 epist.
1292 1021 1359 1055 80:
1381 1023 1415 1055 Si
1426 1025 1625 1066 perpendere
1638 1032 1668 1055 te

1027 1076 1135 1113 voles,
1147 1088 1262 1118 sepone
1268 1076 1453 1119 pecuniam,
1467 1077 1606 1114 doraum,
1619 1077 1669 1108 di-

1024 1129 1182 1171 gnitatem
1196 1153 1207 1166 ‚
1229 1137 1259 1160 te
1279 1130 1344 1171 ipse
1363 1130 1556 1161 consule.—
1567 1129 1672 1160 Tollat

1025 1193 1085 1212 sua
1095 1193 1230 1213 munera
1241 1182 1346 1213 cerdo.
1353 1179 1462 1222 Quod
1473 1179 1532 1214 dat
1541 1180 1669 1226 vulgus

1026 1233 1230 1274 immeritis,
1240 1233 1404 1280 recipiat3
1419 1246 1489 1267 neu
1502 1233 1581 1267 vilis
1594 1233 1670 1280 ple-

1026 1286 1161 1320 heculae
1176 1285 1396 1320 laudationes
1409 1287 1498 1320 tanti
1510 1287 1668 1321 aestimes.

1026 1339 1060 1372 N
1062 1347 1118 1372 ota
1124 1351 1167 1372 au
1173 1347 1255 1380 tem,
1263 1339 1360 1386 quod
1371 1340 1477 1380 Nero,
1486 1339 1523 1373 in
1536 1340 1671 1386 princi-

1026 1391 1088 1437 pio
1100 1391 1324 1437 potissimum
1337 1392 1392 1426 sui
1404 1392 1517 1438 regni,
1529 1405 1585 1438 ap.
1597 1404 1671 1426 cer-

1027 1443 1139 1477 dones
1159 1452 1194 1478 et
1213 1444 1439 1490 plebeculam
1454 1445 1670 1491 gratissimus

1026 1496 1113 1536 fuit3
1129 1509 1212 1530 nam
1235 1489 1523 1531 benevolentiam
1542 1510 1668 1531 eorum

1026 1557 1060 1583 et
1085 1548 1208 1583 laudes
1236 1549 1484 1596 largitionibus
1508 1550 1640 1584 insanis
1659 1575 1670 1591 ‚

1025 1615 1167 1637 necnon
1187 1603 1397 1649 spectaculis
1419 1613 1455 1638 et
1478 1602 1574 1637 ludis
1596 1616 1670 1637 om-

1025 1655 1192 1696 nimodis,
1204 1665 1239 1690 et
1252 1669 1317 1703 per
1326 1665 1439 1691 totam
1451 1669 1548 1691 suam
1558 1657 1669 1691 vitam

1024 1718 1166 1756 captare
1178 1709 1329 1749 studuit.
1337 1709 1513 1744 Alcibiadi
1524 1722 1669 1756 quoque

1023 1761 1120 1795 idem
1134 1773 1210 1796 mos
1223 1762 1296 1796 fere
1308 1762 1442 1796 suit.A.
1450 1782 1497 1788 ——
1507 1764 1606 1795 Cerdo
1617 1770 1670 1796 est

1025 1815 1180 1861 quilibet
1196 1828 1216 1849 e
1231 1815 1295 1850 vili
1312 1815 1499 1862 plebecula
1518 1816 1644 1849 artifex
1655 1841 1667 1857 ‚

1024 1868 1231 1903 lucricausa
1243 1881 1388 1916 operam
1401 1882 1499 1904 suam
1512 1870 1644 1904 locans.
1679 1873 1684 1877 ’

1075 1923 1133 1957 52.
1154 1926 1267 1956 Tecum
1285 1923 1423 1969 habita]
1450 1923 1577 1957 Temet
1595 1923 1670 1969 ipse

1025 1974 1210 2010 considera
1222 1988 1233 2017 ;
1248 1988 1306 2008 nee
1323 1985 1354 2008 te
1365 1977 1545 2019 quaesiveris
1557 1984 1668 2008 extra.

1025 2030 1176 2061 -Naris
1193 2030 1291 2072 qulzm
1310 2031 1371 2069 sit,
1383 2039 1444 2062 etc.
1468 2030 1514 2063 Et
1526 2029 1670 2064 noveris

1027 2084 1135 2127 quam
1145 2081 1189 2114 sis
1199 2081 1372 2127 praesidiis
1384 2082 1586 2116 necessariis
1595 2094 1669 2115 non

1027 2132 1108 2166 dico
1117 2135 1165 2166 ad
1171 2147 1238 2166 rem
1246 2136 1361 2178 populi
1370 2137 1576 2167 tractandam
1583 2148 1597 2173 ;
1608 2133 1670 2168 sed

1025 2193 1165 2219 tantum
1183 2184 1228 2219 ad
1243 2186 1350 2220 vitam
1367 2186 1453 2220 cIVis
1470 2195 1506 2220 et
1521 2186 1672 2232 subjecti

1025 2247 1120 2272 recte
1149 2238 1320 2285 agendam
1347 2238 1549 2273 destitutus.
1579 2239 1637 2272 Sic
1657 2264 1670 2280 ‚

1020 2292 1235 2335 philosophia·
1254 2293 1478 2335 supellectilem
1501 2290 1593 2325 dixit
1612 2289 1669 2324 Ci-

1026 2355 1109 2378 cero
1121 2368 1131 2385 ‚
1148 2343 1213 2377 lib.
1231 2342 1276 2378 de
1292 2344 1319 2377 F
1321 2344 1453 2378 iuibus.

376 2460 409 2489 V
419 2458 473 2489 51.
486 2459 616 2500 Res-pue.
627 2457 708 2490 eod.
721 2457 867 2495 pithoei,
883 2456 1009 2498 respice.
1023 2458 1071 2487 Ita
1084 2467 1219 2499 quoque
1231 2456 1309 2487 edit.
1321 2462 1386 2487 vet.
1402 2464 1435 2487 et
1446 2456 1576 2488 Aldina.
1590 2458 1670 2497 Alii,

330 2518 363 2542 et
377 2511 450 2542 c'od.
463 2518 574 2543 noster
583 2535 592 2550 ,
606 2522 726 2559 respue.
741 2511 919 2549 Caeterum,
933 2510 1052 2553 respice
1067 2517 1178 2553 potest
1193 2510 1317 2553 accipi;
1332 2518 1364 2542 et
1376 2521 1413 2542 ea
1425 2507 1524 2543 lectio
1539 2522 1609 2543 non
1624 2518 1671 2543 ent

329 2564 464 2606 ingrate.

375 2618 417 2647 V.
439 2618 491 2648 52.
517 2619 631 2648 Tecum
649 2617 762 2648 habita
771 2629 786 2654 ;
805 2616 901 2648 noris.
924 2616 1004 2649 Cod.
1029 2623 1142 2648 noster
1159 2623 1191 2648 et
1211 2623 1277 2647 tres
1295 2616 1351 2647 alii
1373 2617 1471 2650 codd.
1490 2625 1590 2649 cecum
1609 2616 1669 2648 lca.

313 2680 319 2688 ·
334 2667 398 2699 bita
410 2680 422 2705 ;
442 2677 478 2700 ut
489 2670 583 2701 noris.
599 2672 648 2702 Ita
661 2680 796 2712 quoqne
810 2668 959 2702 Lubiuus
973 2677 1004 2702 et
1018 2669 1094 2702 edit.
1109 2676 1171 2702 vet.
1185 2669 1375 2702 Britannici,
