1846 3184
493 265 583 309 Ex
614 262 825 326 ‚Lumo
854 262 996 306 *vul
1031 260 1247 305 SATIR.
1459 264 1544 308 263

830 347 850 382 1
862 345 914 383 X.

254 413 351 452 Inde
369 419 564 465 parcctato
582 409 796 449 chlamides
807 437 819 455 ‚
839 422 884 447 ac
901 408 1066 447 barbula
1086 408 1226 460 prima.

847 475 900 511 X.

254 541 439 586 Hiberam
455 540 623 578 insulam
641 539 816 578 fomento
833 538 1072 576 omnicolore
1086 537 1269 576 colustra.

833 605 873 641 X
886 605 916 640 Ι.

254 671 463 710 Pistrinum
480 672 725 723 appositum,
746 670 964 721 posticum,
984 667 1099 714 sella,
1121 667 1263 706 culina.

814 735 855 771 X
866 736 884 771 1
898 736 928 770 Ι.

253 802 289 837 A
305 799 401 838 laeva
419 799 607 850 lacrymas
628 799 781 836 mutoni
799 798 991 848 absterget
1007 797 1144 834 amica.

620 868 622 870 ’
799 866 838 901 X
849 866 868 901 1
880 866 898 901 1
912 866 942 900 1.

252 932 354 968 Intu'
371 943 463 967 vero
482 929 603 967 modo
624 937 700 966 stet
718 937 846 966 rectus
865 928 1109 979 subtegmine
1127 940 1262 979 panus.

805 994 846 1030 X
858 995 877 1030 1
886 995 934 1029 V.

255 1057 329 1094 Hic
349 1066 407 1094 est
423 1058 608 1104 Macedo,
629 1058 661 1095 si
678 1070 798 1108 agron
815 1057 963 1108 longiu’
981 1056 1127 1095 flaccet.

822 1123 918 1159 XV.

255 1185 421 1223 Anicula
438 1198 571 1237 aspera
586 1194 705 1237 atque
725 1199 878 1237 praecox
898 1194 956 1223 est
974 1186 1078 1236 fuga.

810 1251 850 1286 X
859 1253 895 1287 V
904 1252 935 1287 Ι.

261 1341 955 1351 ...........................
977 1313 1143 1366 Gigeriae
1160 1322 1250 1352 sunt
1260 1343 1273 1361 ‚

253 1378 341 1416 Sive
359 1377 458 1415 adeo
477 1377 642 1429 hepatia.

797 1432 879 1468 XV
888 1433 907 1468 1
918 1433 950 1468 I.

252 1485 390 1520 Lentet
409 1496 521 1534 opus.

777 1538 860 1574 XV
868 1539 887 1574 1
899 1539 917 1574 Ῑ
929 1539 960 1574 1.

252 1587 444 1626 Vinibuae.

709 1676 1022 1688 §mn-ms„

389 1770 482 1813 Ex
516 1756 736 1812 LI'BRO
778 1770 857 1813 lx
899 1770 1340 1816 SATIRARUM.

249 1884 423 1921 Isidorus
441 1898 450 1919 :
476 1883 799 1935 Orthographiam
812 1914 823 1930 ‚
842 1885 882 1922 id
902 1893 980 1931 est,
1002 1885 1230 1937 scripturam
1246 1893 1390 1923 rectam
1409 1895 1542 1925 contra

199 1947 432 2000 imperitiam
444 1947 689 1986 librariorum
701 1948 877 1986 Lucilius
892 1953 1005 2000 poeta
1019 1950 1190 2000 primum
1206 1950 1369 2002 scripsit.
1387 1953 1541 1989 Terent.

247 2082 280 2113 9·
298 2073 431 2104 Nonius
442 2084 450 2103 3
469 2071 633 2103 Pap-ectasi
652 2072 707 2110 Μ,
726 2073 787 2114 qui
804 2073 844 2104 de
896 2070 949 2096 Hic
960 2077 998 2095 cn
1009 2070 1129 2096 Macedo.
1141 2070 1169 2095 Si
1182 2070 1267 2095 lorum
1279 2070 1376 2104 longiu’
1388 2070 1495 2102 flaccet,
1542 2101 1548 2105 ι

198 2125 341 2168 pueritia
359 2126 555 2157 veniunt.ad
572 2125 789 2167 pubertatem·
896 2111 972 2136 Lana
982 2121 1058 2136 mann
1067 2111 1193 2146 lacrymas
1204 2113 1303 2136 mutoni
1315 2113 1439 2145 abstergit
1451 2111 1541 2136 amica.

4 2215 8 2218 ,
250 2190 303 2210 ιο.
314 2179 445 2210 Nonius
456 2191 464 2210 :
480 2179 624 2211 colustra
631 2202 644 2216 ,
657 2180 708 2210 lac
718 2190 843 2211 novum
948 2189 961 2208 1
970 2179 999 2208 5.
1008 2179 1139 2209 Nonius
1148 2190 1157 2208 t
1168 2180 1304 2208 Praecox
1314 2184 1345 2208 et
1354 2188 1543 2218 praecoqua,

20 2246 35 2264 ς
198 2229 237 2260 in
251 2230 415 2260 mammis.
895 2231 988 2273 quod
1003 2239 1052 2262 est
1064 2232 1245 2261 immatura.

249 2294 263 2312 1
274 2294 286 2312 1
293 2305 301 2312 .
310 2284 398 2314 Non.
406 2283 576 2320 posticum,
584 2291 707 2316 neutro
716 2295 842 2326 genere.
947 2296 959 2314 1
967 2285 998 2314 6.
1025 2285 1156 2315 Nonius
1176 2295 1183 2313 :
1212 2283 1342 2324 Gigen'a
1354 2279 1379 2319 ‚⁰
1389 2283 1546 2314 intestina

250 2346 303 2366 ια.
328 2335 557 2377 Porphyrion,
575 2337 612 2367 in
632 2338 711 2367 Hor.
731 2337 789 2367 lib.
809 2339 842 2374 1,
895 2337 1091 2378 gallinarum
1106 2347 1184 2366 cnm
1199 2335 1253 2366 his
1265 2336 1353 2366 etita
1367 2343 1472 2367 cocta.

199 2394 258 2418 sat.
271 2398 307 2419 2:
325 2390 431 2426 Muto,
448 2390 633 2420 membrum
645 2390 749 2420 virile.
947 2401 1002 2428 ¹7·
1021 2389 1208 2419 Priscianus
1218 2410 1227 2425 ,
1240 2387 1298 2418 lib.
1314 2389 1412 2419 VIII:
1428 2390 1512 2419 Nam
1524 2399 1544 2420 a

251 2441 304 2470 13.
319 2443 519 2480 Priscianus,
531 2443 590 2473 lib.
607 2445 672 2472 111:
684 2444 792 2472 Panus
800 2464 811 2478 ‚
824 2453 842 2471 a
896 2442 999 2472 lenteo
1008 2464 1020 2477 ,
1042 2442 1178 2471 lentesco
1187 2464 1199 2477 ,
1222 2441 1389 2471 derivatur
1398 2463 1408 2478 ‚
1426 2440 1504 2472 cum
1523 2452 1544 2472 a

201 2502 270 2533 quo
286 2495 404 2534 panul-
415 2518 424 2533 ‚
437 2496 488 2526 vel
505 2495 670 2537 panicula.
894 2494 1017 2531 dureo,
1031 2494 1189 2531 duresco,
1202 2501 1235 2524 et
1251 2505 1270 2524 a
1285 2495 1394 2532 vireo,
1407 2495 1542 2526 virum

253 2551 305 2581 14.
331 2546 460 2579 Nonius
477 2560 485 2579 ε
510 2549 638 2579 Flaccec
652 2571 662 2585 ,
687 2526 841 2589 languet,
946 2547 997 2576 18.
1011 2547 1098 2577 Non.
1114 2548 1202 2577 Buas
1219 2547 1389 2588 potionem
1402 2547 1544 2592 ponium

201 2597 321 2628 deficit.
334 2600 431 2630 Hunc
445 2600 633 2634 versum'ita
642 2602 754 2645 jungit
766 2612 841 2633 cum
893 2600 1229 2642 parvulorum.Lucil.
1239 2601 1260 2631 1.
1270 2600 1546 2640 VIILcu'unvino-

200 2647 242 2680 11⁰
266 2660 279 2680 x
287 2659 305 2680 2
317 2672 327 2690 ‚
344 2651 504 2693 Scaliger:
894 2653 995 2685 lentas
1007 2654 1145 2693 diceret,
1157 2654 1312 2687 w'm'buas
1325 2655 1522 2700 designavit.
