1846 3184
433 296 522 341 nx
551 294 752 340 mmm
786 294 957 338 xxvi
989 295 1203 338 sum.
1408 298 1493 356 289

760 379 793 415 L
803 380 839 416 V
850 379 883 415 1.

209 448 393 497 Percrepa
410 456 583 496 pugnam
599 441 767 494 Pompili
788 443 927 480 finctam
947 441 1104 480 Corneli
1122 454 1230 479 cane.

751 510 783 544 L
791 510 826 545 V
838 509 857 544 Ι
870 509 900 544 Ι.
1271 511 1274 513 ’

211 575 413 626 Luporum
430 581 676 611 exauctorem
698 572 919 610 malvanum
939 579 978 609 et
996 570 1263 622 fulguritatem
1279 570 1477 609 arborum.

216 701 413 753 Quodque
428 709 466 739 te
480 701 521 739 in
539 638 990 752 ιηηφωέωνέιιέεὲῆε
1008 699 1187 737 transfert
1201 699 1505 751 tempestatibus.

218 786 337 869 Porro
355 830 469 868 amici
488 839 544 868 est
563 831 661 868 bene
680 766 910 880 praeg;e{·‚
930 829 1029 866 bene
1046 828 1268 880 praedicare.

220 958 552 1009 Quandoquidem
568 958 696 1008 reperi
713 894 1161 1008 magi-combibonum
1180 971 1228 996 ex
1246 958 1382 1009 copiis.

226 1088 441 1138 Conjugem
460 1085 639 1131 infidam,
659 1023 1032 1124 flacitalmxi'aimiliam
1045 1116 1056 1133 ‚
1078 1086 1271 1138 impuram
1288 1086 1464 1125 domum.

227 1217 307 1253 Nec
323 1214 486 1253 minimo
504 1223 543 1252 et
561 1153 798 1266 prosferauir
806 1153 1044 1267 ξαξιῖφιοά
1058 1215 1310 1254 Cassandram
1328 1216 1437 1268 signo
1453 1214 1522 1253 de-

177 1279 313 1331 ripm't.

743 1346 776 1382 L
788 1345 827 1382 X
838 1346 858 1380 1
870 1345 890 1381 1
902 1346 934 1381 1.

231 1407 496 1446 Domuitionis
510 1407 645 1459 cupidi
663 1408 872 1459 imperium
889 1408 990 1459 regis
1006 1421 1107 1459 pene
1119 1408 1401 1447 imminuimus.

762 1475 794 1509 Ι,
806 1474 847 1510 X
857 1474 877 1508 1
885 1474 934 1508 V.

234 1535 381 1574 Evadat
398 1536 534 1574 saltem
550 1535 701 1586 aliquid
718 1535 874 1586 aliqua,
892 1535 1003 1587 quod
1022 1544 1183 1574 conatus
1200 1549 1300 1573 sum.

777 1602 810 1637 L
822 1602 862 1637 X
871 1602 918 1636 V.

235 1662 337 1701 Illuc
355 1663 463 1702 oculi
481 1663 684 1701 deducunt
702 1663 798 1714 ipsi,
817 1671 934 1713 atque
952 1663 1128 1700 animum
1143 1676 1231 1714 spes
1248 1663 1345 1701 illuc
1359 1663 1470 1716 rapit.

596 1767 601 1768 ⁷
776 1729 809 1764 L
820 1730 861 1765 X
869 1730 903 1764 V
912 1729 944 1763 Ι.

237 1791 488 1829 Vestimentis
506 1791 629 1841 frigus
648 1798 765 1841 atque
783 1790 986 1828 horrorem
1007 1799 1235 1829 exacturum
1252 1800 1376 1844 putat.

758 1857 790 1891 L
803 1857 842 1895 X
851 1857 886 1891 V
895 1857 914 1891 1
929 1856 960 1891 Ι.

241 1918 325 1956 Nisi
341 1924 521 1968 portenta
535 1945 546 1962 ,
564 1930 789 1968 anguesque
804 1917 983 1956 volucres
998 1931 1044 1955 ac
1061 1918 1241 1968 pinnatos
1258 1919 1439 1958 scribitis.

741 1983 773 2018 L
784 1983 823 2018 X
831 1983 866 2018 V
876 1983 895 2018 1
907 1984 928 2019 1
939 1984 971 2019 1.
1362 2018 1366 2022 .

242 2046 327 2096 Ego
341 2045 445 2083 enim
463 2045 759 2105 contemnificus
778 2045 882 2092 fieri,
901 2055 949 2084 et·
960 2046 1133 2084 fastidire
1150 2049 1466 2098 Agamemnonis·

242 2187 298 2219 56.
316 2187 468 2219 Nonius:
483 2188 617 2229 Coepare
628 2210 637 2222 ‚
654 2197 780 2219 sonare.
944 2189 999 2219 62.
1010 2189 1157 2220 Nonius:
1168 2188 1542 2231 Profitmn’fimpetrari.

242 2241 298 2279 57.
311 2241 458 2272 Nonius:
472 2240 666 2282 Fulgwivit,
679 2240 844 2283 fulgorem
944 2243 1000 2272 63.
1019 2243 1166 2273 Nonius:
1189 2242 1451 2272 Domuitionem.

195 2293 294 2332 fecit,
306 2299 339 2324 et
350 2293 490 2324 fulmine
499 2293 636 2324 afflavit.
946 2295 1004 2330 64.
1037 2295 1168 2324 Nonius
1193 2305 1200 2323 :
1231 2294 1374 2325 Evadere
1388 2317 1401 2331 ,
1432 2295 1522 2327 exire
1534 2318 1545 2335 ,

243 2346 300 2376 58.
318 2347 408 2378 Non.
429 2348 552 2377 Soevum
570 2345 693 2384 dicitur
707 2346 842 2376 immite.
899 2347 1043 2376 tendere.

175 2427 178 2430 Δ
246 2397 460 2438 59.Νοιιίωε
474 2398 652 2439 Ρναεῲενε
660 2404 708 2428 est
715 2397 844 2439 jubere,
945 2398 1003 2428 65.
1024 2398 1174 2428 Nonius:
1189 2397 1369 2428 Dedaoetum
1378 2421 1390 2436 ,
1405 2398 1546 2430 delecta-

198 2448 251 2480 vel
264 2459 406 2482 monere.
897 2451 989 2480 tione
1006 2449 1157 2480 ducrum.

248 2495 457 2539 60.'Nouius:
473 2502 700 2539 Combibones,
714 2512 846 2543 compo-
946 2502 1001 2532 66.
1023 2503 1111 2533 Non.
1131 2502 1274 2544 Erigere
1291 2510 1342 2534 est
1358 2504 1550 2538 excludere.

200 2559 289 2584 tores
305 2563 324 2583 a
341 2555 563 2587 conhibendo
582 2556 671 2586 dicti.
951 2555 1005 2593 67.
1032 2554 1163 2586 Nonius
1182 2566 1190 2584 :
1217 2556 1370 2586 Portenta
1398 2563 1526 2589 emt-
1537 2581 1548 2597 ‚

250 2608 306 2638 61.
324 2607 474 2640 Nouius:
489 2611 651 2653 Impurus,
668 2615 717 2641 est
739 2608 850 2650 aliquo
903 2618 984 2652 quae.
995 2607 1122 2650 aliquid
1137 2608 1311 2639 imminere
1327 2609 1521 2652 :ignifluum
1541 2612 1544 2613 ⁷

201 2659 283 2691 vitio
301 2659 493 2691 maculatus.
952 2661 1010 2692 68.
1028 2661 1181 2694 Nonius:
1201 2662 1474 2708 Coneemafieum.

1255 2743 1314 2784 19
