1846 3184
345 315 398 365 14
692 315 745 356 A.
782 313 1023 356 PERSII
1062 314 1315 358 FLACCl

399 396 634 438 Scribimus
653 397 828 450 inclusi,
846 412 1046 439 numeros
1065 398 1136 440 ille
1149 430 1160 451 ,
1177 398 1248 440 hic
1266 397 1374 456 pede
1391 399 1523 454 liber,

396 472 566 515 Grande
581 472 761 531 aliquid,
778 473 896 531 quod
913 474 1061 532 pulmo
1077 475 1229 515 animae
1244 475 1473 534 praelargus
1489 475 1670 518 anhelet.
1684 522 1694 530 ⁶

782 566 1211 593 ADVERSARIUS.

396 625 588 680 Scilicet,
608 626 698 668 haec
714 627 879 684 populo
890 659 902 680 ,
919 642 1138 685 pexusque
1155 627 1335 686 togaque
1352 628 1536 681 recenti,
1629 632 1668 667 15

334 754 524 789 iracundiae
542 754 580 788 in
598 754 680 803 felle
692 780 703 797 ‚
721 755 850 788 amoris
868 755 905 788 in
921 756 973 801 je-

332 820 430 848 core,
443 807 663 854 pudorisque
675 809 712 841 in
725 809 844 842 fronte
853 807 974 842 sedem

329 861 488 907 posuisse
514 861 680 895 omnibus
706 870 898 895 notum.—
912 864 973 894 Ca-

331 912 548 945 chinna-onis.
561 911 678 945 Homo
694 912 786 945 risus
799 911 974 957 intempe-

329 965 465 998 rantior
477 989 487 1006 ‚
503 977 576 1011 quo
590 964 700 998 verbo
713 964 807 997 solus
821 975 905 997 usus
919 971 972 997 est

328 1016 481 1052 Persius.
504 1018 543 1051 C.

379 1070 431 1104 13.
444 1071 615 1103 Scribimus
627 1069 759 1115 inclusi]
773 1068 971 1115 Strepitum

328 1123 513 1170 fugientes.
526 1123 584 1156 Ait
595 1124 723 1161 inclusi,
737 1123 821 1168 quia
835 1124 971 1157 secreto

327 1184 363 1209 et
374 1176 489 1210 libero
503 1175 546 1210 ab
561 1175 701 1210 arbitris
718 1176 797 1209 loco
811 1176 969 1209 scriben-

326 1229 421 1263 tibus
440 1237 491 1263 est
506 1241 608 1276 opus.
627 1229 750 1263 Horat.
766 1230 880 1275 Epist.
899 1229 964 1262 lib.

326 1283 364 1316 II
377 1307 387 1324 ‚
409 1295 426 1316 2
442 1308 452 1326 ,
473 1296 517 1329 77
535 1296 544 1316 :

323 1341 515 1381 Scriptorum
523 1340 634 1370 chorus
643 1339 742 1369 omnis
751 1346 832 1369 amat
841 1350 948 1369 nemus
955 1364 963 1377 ,

405 1394 436 1417 et
446 1387 527 1428 fugit
539 1388 644 1416 urbes.

322 1441 533 1472 —Numeros
552 1441 614 1472 ille.
635 1439 703 1472 Per
723 1450 891 1472 numeros
909 1438 965 1471 in-

323 1491 451 1538 telligit
473 1504 604 1526 versus.
617 1512 663 1516 ——
676 1493 736 1524 Hic
754 1493 839 1534 pede
863 1493 964 1531 liber,

319 1547 446 1589 grande
454 1546 589 1588 aliquid.
599 1545 676 1578 Hoc
685 1543 965 1590 loco‚designan-

320 1606 380 1631 tur
393 1598 548 1644 scoptice
562 1599 859 1631 oratores.-—-Pede
869 1600 961 1630 liber.

319 1652 438 1698 Alege
460 1651 565 1686 metri
585 1651 720 1685 solutus
743 1659 874 1684 orator.
895 1650 936 1683 P.

370 1710 426 1747 14.
453 1707 584 1738 Grande
611 1703 769 1749 aliquid]
801 1703 960 1737 Sublime

317 1757 461 1792 dicendi
474 1769 586 1804 genus
604 1756 710 1790 etiam
724 1754 857 1802 grande
870 1754 961 1788 dici-

319 1814 539 1854 tuln—Quod
542 1813 655 1854 pulmo
662 1811 847 1854 praelargus
862 1810 962 1841 anhe-

316 1868 372 1899 let.
399 1864 506 1907 Quod
529 1877 610 1898 cum
635 1863 813 1904 anhelitu,
833 1870 868 1896 et
887 1874 961 1895 non

316 1919 391 1952 sine
416 1918 535 1951 labore
557 1925 593 1951 et
609 1915 798 1959 vexatione
815 1915 960 1962 pulmo-

317 1972 373 2005 nis
391 1974 472 2004 aere
491 1979 528 2004 et
539 1977 646 2005 vento
669 1968 816 2003 distenti
833 1967 959 2002 recite-

316 2033 408 2058 mus.
423 2022 579 2058 Videtur
595 2030 715 2061 autem
734 2021 874 2054 Persius
892 2032 958 2053 no-

315 2086 388 2112 tare
397 2075 740 2124 grandiloquentiam
749 2075 959 2114 affectatam,

313 2130 549 2177 periodorum
561 2129 752 2169 ambitum,
767 2136 803 2162 et
820 2127 959 2174 ampul-

312 2184 419 2225 latam
430 2183 680 2230 turgidamque
694 2181 899 2216 orationem.
912 2181 965 2214 A.-

365 2238 418 2272 15.
451 2239 576 2270 Scilicet
602 2238 672 2269 haec
696 2237 819 2279 populo
832 2260 843 2274 ,
869 2234 951 2279 eta]

314 2292 456 2326 Primus
469 2291 705 2337 interpretum
720 2289 795 2322 haec
809 2300 827 2321 a
842 2301 873 2321 v.
891 2286 932 2321 15
943 2312 952 2328 ‚

312 2357 427 2392 usque
448 2343 494 2378 ad
518 2355 558 2378 21
571 2369 581 2385 ‚
595 2341 792 2377 adversario
815 2340 925 2375 tribui
940 2365 951 2382 ,

311 2411 386 2432 non
399 2399 475 2432 sine
489 2409 612 2440 causa;
626 2408 728 2436 nam,
745 2407 790 2428 ne
806 2393 852 2428 de
869 2394 952 2427 isto-

310 2464 392 2485 rum
402 2451 529 2498 loquar
536 2461 706 2484 versuum
718 2448 756 2481 in
769 2459 830 2481 ore
840 2446 953 2480 Persii

311 2504 548 2552 discrepantia
585 2516 669 2537 cum
712 2500 952 2536 antecedenti·

308 2558 374 2592 bus
402 2567 436 2593 et
458 2555 777 2604 consequentibus,
796 2567 874 2601 quae
892 2565 949 2588 me

308 2623 449 2657 semper
457 2610 625 2651 offendit,
636 2620 818 2656 quamque
827 2606 950 2641 nullus

306 2663 546 2709 interpretum
555 2659 873 2703 sensissevidetur;
884 2671 949 2706 ego

305 2716 342 2749 in
363 2716 418 2750 his
435 2716 551 2752 verbis
572 2716 615 2751 ab
639 2713 890 2750 enthusiastico
913 2720 950 2748 et

1026 755 1138 789 stulto
1157 755 1458 802 sesquipedalium
1475 755 1668 790 verborum

1027 817 1062 842 et
1097 809 1338 855 ampullarum
1373 817 1547 843 sectatore
1583 821 1669 842 cum

1026 862 1248 908 ingenuitate
1284 862 1438 908 quadam
1468 861 1669 909 emphatice

1026 915 1293 961 pronunciatis,
1308 916 1397 962 quin
1416 924 1451 949 et
1469 915 1506 949 in
1523 915 1669 962 publice

1026 968 1258 1002 recitantium
1297 981 1406 1015 opera
1444 981 1506 1003 sua
1542 971 1668 1015 poeta-

1023 1032 1106 1052 rum
1119 1021 1322 1067 sumptibus
1336 1029 1372 1054 et
1383 1029 1556 1067 apparatu
1569 1021 1669 1067 quasi

1024 1071 1199 1107 delirante
1223 1073 1369 1116 vetulo,
1388 1072 1463 1108 vim
1490 1073 1668 1107 satiricam

1024 1126 1137 1160 inesse
1151 1139 1194 1160 eo
1207 1128 1379 1174 majorem
1393 1139 1476 1160 reor
1485 1151 1496 1168 ‚
1511 1126 1610 1175 quod
1623 1127 1667 1161 ab
1721 1163 1724 1166 ,

1024 1192 1086 1213 ore
1106 1180 1222 1214 alieno
1242 1178 1525 1227 proficiscuntur
1538 1205 1548 1221 ‚
1564 1181 1668 1227 juxta

1019 1232 1119 1266 hunc
1142 1245 1280 1266 morem
1306 1232 1456 1266 satiricis
1482 1231 1668 1266 usitatissi-

1018 1298 1117 1319 mum
1128 1311 1139 1327 ‚
1156 1286 1241 1331 qui,
1259 1294 1300 1319 ut
1314 1285 1486 1320 libentius
1498 1284 1534 1318 in
1547 1284 1666 1322 homi-

1017 1351 1108 1372 num
1123 1338 1405 1372 imbecillitatem
1419 1338 1528 1372 bilem
1546 1338 1667 1372 effun-

1019 1391 1106 1426 dant
1118 1417 1128 1433 ‚
1142 1392 1372 1425 insulsissima
1393 1399 1428 1425 et
1449 1391 1600 1427 maxime
1615 1390 1664 1424 ri-

1019 1442 1139 1477 dicula
1156 1443 1269 1477 cuivis
1286 1443 1393 1477 tertio
1412 1442 1604 1484 tribuunt,
1622 1450 1666 1476 ut

1018 1495 1169 1530 Horatio
1194 1508 1286 1542 saepe
1313 1495 1442 1541 saepius
1460 1520 1471 1534 ,
1497 1494 1665 1529 Juvenali

1015 1549 1212 1595 praesertim
1223 1549 1260 1582 in
1271 1561 1366 1582 nona
1375 1548 1493 1589 satira,
1502 1548 1663 1581 hocloco

1015 1603 1135 1636 Persio
1148 1601 1288 1637 accidit.
1299 1602 1445 1648 Optima
1457 1601 1570 1649 igitur
1578 1599 1662 1641 fide,

1015 1665 1051 1691 et
1063 1657 1156 1691 serio
1170 1656 1276 1690 simul
1290 1655 1361 1702 agit
1375 1654 1595 1691 adversarius
1609 1654 1664 1688 di-

1014 1721 1097 1743 cens
1115 1721 1123 1741 z
1146 1711 1267 1742 scilicet
1277 1734 1287 1748 ,
1312 1708 1371 1742 illa
1383 1733 1395 1750 ,
1420 1716 1462 1742 ut
1488 1719 1596 1753 supra
1609 1731 1619 1748 ‚
1640 1708 1661 1739 ὅ

1014 1775 1108 1795 curas
1121 1763 1285 1794 hominum
1295 1786 1306 1801 ,
1319 1770 1380 1793 etc.
1395 1760 1441 1794 Et
1457 1759 1549 1793 infra
1559 1784 1570 1801 ‚
1585 1761 1662 1791 scri-

1015 1816 1117 1847 bimus
1129 1815 1260 1852 inclusi,
1273 1823 1350 1854 etc„
1362 1811 1401 1846 id
1413 1820 1465 1846 est
1474 1837 1484 1854 ,
1493 1821 1661 1856 proecepea

1013 1868 1151 1900 moralia
1164 1876 1197 1899 ec
1206 1867 1394 1905 Platonica,
1407 1878 1518 1898 coram
1523 1866 1661 1908 populo,

1010 1932 1115 1963 pexus
1132 1930 1166 1953 et
1181 1921 1310 1952 indutus
1324 1917 1401 1963 togd
1419 1919 1557 1957 recenti,
1577 1917 1662 1951 reci-

1012 1975 1093 2006 tabis
1101 1998 1111 2012 ,
1123 1982 1179 2005 etc.
1190 1971 1364 2018 Sequitur
1373 1965 1569 2016 descriptio
1580 1967 1661 2003 sati'-

1011 2025 1084 2059 rica
1097 2026 1287 2072 apparatus
1299 2050 1310 2066 ‚
1326 2037 1434 2071 quem
1450 2024 1488 2057 in
1504 2023 1656 2058 recitan-

1012 2077 1067 2112 dis
1079 2078 1249 2124 operibus
1262 2077 1335 2111 suis
1347 2075 1565 2110 adhibebant
1575 2078 1660 2122 poe-

1011 2138 1067 2173 tae3
1076 2131 1172 2164 vocis
1179 2130 1296 2164 fractae
1305 2137 1340 2163 et
1351 2128 1563 2162 effeminatae
1571 2127 1659 2161 reci-

1012 2183 1164 2217 tantium
1176 2183 1291 2228 imago
1301 2194 1312 2224 ;
1323 2180 1441 2215 stultae
1453 2178 1657 2214 admiratio-

1010 2235 1065 2269 nis
1076 2235 1225 2281 populi,
1237 2235 1302 2281 qui
1315 2245 1389 2267 non
1402 2232 1471 2266 nisi
1484 2232 1655 2266 mollibus

1006 2297 1041 2322 et
1054 2287 1191 2322 lascivis
1203 2287 1370 2334 plausum
1383 2283 1603 2319 concedebat
1617 2294 1654 2319 et

1005 2341 1176 2381 favorem,
1180 2341 1274 2386 justa
1283 2347 1320 2372 et
1334 2350 1453 2374 severa
1462 2338 1656 2383 reprehen-

1005 2395 1075 2428 sio:
1093 2405 1172 2440 quae
1181 2393 1320 2435 omnia,
1334 2391 1401 2425 sub
1416 2391 1533 2437 specie
1543 2390 1654 2424 admi-

1004 2445 1153 2481 rationis
1173 2445 1290 2479 stultae
1314 2443 1499 2490 proposita
1521 2443 1564 2477 ab
1587 2443 1653 2478 ad-

1003 2497 1171 2538 versario,
1184 2505 1226 2531 ut
1239 2508 1348 2543 supra
1361 2495 1451 2537 dixi,
1461 2495 1494 2529 ei
1502 2507 1654 2542 respon-

1001 2564 1082 2586 sum
1090 2552 1174 2592 hoc,
1184 2564 1216 2586 v.
1230 2563 1288 2593 Μ,
1301 2557 1503 2591 merentur,
1516 2550 1586 2582 tun'
1595 2562 1655 2583 ve-

1002 2606 1078 2644 tule,
1087 2605 1327 2636 eta-Scilicet.
1337 2602 1487 2636 Ironicae
1497 2602 1654 2636 interross

1001 2657 1152 2705 gationis
1164 2657 1316 2704 signum.
1326 2655 1473 2697 Gallice,
1486 2657 1550 2689 Oui
1559 2681 1571 2695 ,
1582 2668 1658 2689 sam

1001 2714 1239 2746 doute.-Haec.
1252 2709 1296 2744 Id
1313 2717 1386 2754 est,
1402 2703 1522 2744 satiras
1535 2734 1545 2753 ,
1566 2721 1658 2756 prae-
