1846 3184
692 463 1012 522 SATIRA
1055 468 1125 524 V.

675 608 751 638 AD
790 608 1144 640 CORNUTUM.

311 709 572 786 Vanus
587 742 659 784 hic
676 757 768 785 mos
784 753 870 797 est,
886 755 1060 787 centum
1076 745 1160 788 sibi
1176 761 1351 805 poscere
1365 766 1486 794 voces
1498 785 1511 806 ,

306 815 490 861 Centum
507 833 604 872 ora,
622 829 665 860 et
680 819 846 878 linguas
864 830 1013 877 optare
1031 822 1078 863 in
1096 824 1286 865 carmina
1304 837 1500 882 centum;

307 893 472 935 Fabula
491 908 568 936 seu
588 905 738 936 moesto
756 906 943 952 ponatur
965 895 1123 939 hianda
1147 899 1358 957 tragoedo‚

307 960 498 1012 'Vulnera
518 985 594 1012 seu
611 969 757 1011 Parthi
774 969 967 1012 ducentis
984 970 1039 1013 ab
1058 972 1236 1031 inguine
1251 974 1423 1019 ferrum.

302 1109 336 1131 1.
366 1098 498 1130 Vatibus
514 1098 567 1130 hic
587 1110 654 1130 mos
674 1096 752 1143 est.]
773 1096 893 1131 Poetis

253 1151 426 1184 nimirum
438 1151 549 1197 epicis
559 1176 571 1192 ‚
586 1151 676 1197 quin
690 1159 726 1184 et
740 1151 890 1185 oratori·

252 1201 322 1236 bus
341 1201 524 1236 interdum
545 1205 586 1236 ea
608 1201 724 1248 figura
743 1202 797 1235 uti
814 1213 892 1235 mos

255 1263 329 1299 θεὶς
350 1256 426 1290 scil.
444 1269 578 1300 poscere
597 1265 724 1289 centum
744 1258 890 1300 linguas,

189 1316 192 1317 ’
254 1321 327 1347 ora,
337 1318 396 1341 etc.
406 1308 546 1354 quoties
556 1307 693 1354 grande
705 1307 894 1354 quidpiam

253 1369 316 1395 aut
343 1358 499 1395 arduum
522 1360 652 1394 volunt
675 1360 891 1406 exprimere.

254 1413 403 1448 Homer.
420 1412 521 1447 Iliad.
540 1413 578 1446 11
593 1425 603 1446 :

252 1471 338 1508 Οὐδ·
350 1473 382 1508 εἴ
397 1486 452 1519 μοι
465 1469 552 1507 δέκα
574 1473 632 1519 μὲν
648 1476 818 1519 γλῦσσαι,
834 1469 892 1507 δέ·

304 1539 350 1561 ια
368 1523 409 1559 δὲ
426 1527 549 1572 ςόματ’
566 1523 641 1560 εἷεν.
671 1526 674 1528 ’

251 1577 359 1612 Hune
380 1587 524 1612 secutus
550 1577 698 1611 Hostius
725 1577 872 1624 quidam
883 1603 893 1618 ‚

250 1633 358 1678 poeta
373 1630 496 1677 epicus
506 1654 518 1670 ‚
533 1630 595 1663 lib.
608 1630 693 1664 belli
706 1630 822 1663 Istrici
835 1632 894 1674 (ut

249 1684 362 1718 neren-t
382 1684 541 1717 Μαι-οἰ).
564 1684 708 1717 Saturn.
730 1683 796 1717 lib.
814 1684 868 1717 VI
881 1707 893 1725 ,

251 1748 328 1783 cap.
341 1736 411 1781 3),
426 1736 476 1770 sic
494 1737 602 1770 habet
615 1749 625 1768 z

250 1818 481 1827 ........
502 1798 574 1826 Non
589 1797 615 1826 si
629 1797 704 1826 mihi
718 1798 830 1837 lingua

250 1844 380 1874 Centum
391 1850 483 1883 atque
493 1854 548 1873 ora
558 1844 637 1873 sient
646 1844 775 1874 totidem
785 1855 892 1875 voees-

334 1900 395 1930 que
408 1890 540 1929 liquata.
594 1886 598 1887 ⁷

252 1940 378 1975 Postea
402 1940 530 1986 Virgil.
566 1940 731 1987 Georgic.
762 1942 801 1975 ῙῙ
817 1966 830 1984 ,
854 1950 892 1977 et

251 1992 401 2028 Aeneid.
416 1993 491 2036 VI,
506 1994 606 2028 hunc
624 1994 793 2029 eumdem
809 2008 891 2030 ver-

251 2059 333 2080 sum
351 2046 457 2079 habet
470 2058 480 2078 :

251 2105 324 2135 Non
334 2105 426 2140 mihi,
439 2107 466 2136 si
477 2112 598 2136 eentum
608 2106 718 2147 lingua
732 2107 809 2143 sint,
821 2117 891 2137 ora-

334 2162 395 2192 que
410 2159 543 2183 eentum.

250 2207 327 2243 Hos
346 2210 406 2244 alii
426 2210 557 2256 passim
578 2210 707 2245 imitati
725 2219 832 2252 sunt,
848 2220 892 2245 ut

251 2261 316 2296 Sil.
335 2263 450 2297 Italic.
472 2263 538 2296 lib.
555 2264 626 2306 IV,
645 2263 834 2299 claudian.
852 2264 891 2297 in

249 2316 454 2362 panegyric.
462 2315 620 2349 Probini.
629 2316 687 2350 Sic
698 2317 803 2351 etiam
816 2324 894 2350 ora-

250 2376 346 2402 toroe
366 2393 378 2409 ‚
403 2377 446 2403 ut
473 2369 721 2411 Quintilianus
736 2394 747 2411 ,
774 2369 892 2403 deela-

251 2429 338 2455 mat.
349 2422 419 2462 VI,
433 2430 470 2456 et
482 2422 520 2456 S.
535 2422 743 2470 Hieronym-
761 2423 798 2456 in
815 2422 891 2468 epi-

251 2474 348 2520 taph.
360 2474 497 2509 Paulae:
515 2475 656 2509 Persius
669 2488 755 2508 vero
768 2475 891 2515 aliter,

251 2531 396 2558 centnm
414 2525 482 2559 sibi
501 2525 615 2571 poscit
633 2525 791 2570 linguas,
808 2537 892 2558 cen-

253 2583 334 2610 tum
350 2589 454 2611 voees
468 2602 480 2619 ‚
498 2586 542 2612 ut
568 2578 632 2624 qui
660 2578 833 2623 imparem
854 2589 891 2610 se

944 1099 1073 1133 sentiat
1090 1101 1332 1148 exprimendis
1348 1105 1423 1140 suis
1438 1106 1476 1141 in
1494 1107 1584 1143 Cor·

944 1159 1075 1185 nutum
1116 1155 1324 1200 magistrum
1360 1159 1551 1195 affectibus
1573 1188 1586 1200 ‚

944 1207 1142 1252 mutuique
1157 1210 1220 1241 sua
1231 1208 1365 1244 scilicet
1381 1219 1417 1245 et
1433 1213 1589 1249 Cornuti

943 1257 1097 1291 amicitia
1114 1259 1323 1296 celebranda
1340 1276 1349 1296 :
1369 1276 1478 1310 quem
1497 1267 1588 1301 Cor·

945 1318 1056 1343 nutus
1086 1311 1373 1358 interpellatione
1403 1314 1598 1366 impedit&

945 1364 1048 1409 cujus
1059 1376 1258 1401 sermonem
1268 1372 1411 1415 postea(
1416 1374 1473 1416 ¹9)
1480 1378 1590 1419 poeta

945 1416 1141 1462 excipiens,
1148 1418 1184 1452 in
1195 1419 1321 1454 eodem
1330 1434 1437 1458 sensu
1446 1425 1590 1460 inchoa·

946 1475 1019 1502 tam
1034 1469 1184 1504 absolvit
1198 1474 1422 1509 sententiam.
1433 1477 1473 1511 C.
1485 1487 1521 1512 et
1535 1478 1577 1512 P.

993 1521 1028 1555 3.
1050 1525 1175 1557 Fabula
1194 1538 1248 1557 seu
1267 1537 1392 1567 moesto,
1412 1532 1488 1574 etc-J
1504 1531 1588 1566 Sive

944 1574 1591 1630 u-agoediamaliquamscribam‚quam

944 1637 1068 1673 postea
1076 1629 1309 1665 histrionibus
1321 1642 1407 1668 sunt
1420 1635 1589 1672 tradituri

945 1682 1078 1715 acturis
1093 1682 1188 1716 illam
1206 1684 1245 1717 in
1263 1696 1379 1728 scena.
1390 1691 1588 1724 —Fuhu1a.

945 1734 1072 1768 Omnis
1088 1735 1180 1770 fictae
1193 1738 1246 1770 rei
1259 1763 1270 1779 ,
1284 1747 1392 1785 atque
1403 1742 1509 1775 etiam
1522 1744 1588 1777 ali-

945 1786 1093 1832 quando
1108 1801 1220 1830 verae,
1232 1792 1402 1826 narratio.
1416 1793 1511 1829 Vide
1523 1796 1589 1829 Ju-

943 1853 1028 1874 ven.
1048 1849 1113 1874 sat.
1127 1842 1147 1874 Ι
1160 1867 1170 1881 ,
1184 1855 1221 1876 v.
1244 1844 1309 1884 145
1321 1870 1333 1886 ‚
1349 1854 1386 1880 et
1402 1846 1501 1882 alibi.
1518 1848 1589 1883 Hie

943 1903 1011 1938 pro
1030 1891 1199 1938 tragoedia
1210 1894 1586 1933 sumitur.—Hianda.

943 1946 1048 1979 Μάλα
1081 1948 1247 1990 ἐμπαθῶς.
1276 1948 1397 1987 Hiar-e,
1421 1956 1474 1982 est
1501 1961 1588 1984 cum

942 1997 1167 2032 vehementia
1177 2022 1188 2039 ‚
1212 1999 1347 2045 tragico
1373 2011 1586 2046 argumento

943 2051 1193 2093 conveniente,
1201 2065 1293 2099 pron
1297 2054 1587 2088 undare—Mers-

942 2114 985 2137 to.
997 2104 1075 2139 Hoc
1083 2106 1235 2140 verbum
1249 2104 1347 2141 recte
1358 2120 1442 2141 cum
1451 2110 1587 2141 hianda.

942 2155 1033 2188 Nam
1045 2160 1160 2201 poetae
1176 2157 1240 2202 qui
1257 2169 1300 2190 ex
1314 2158 1461 2192 historia
1479 2159 1584 2192 sabu-

940 2208 1007 2242 lari
1034 2209 1218 2255 tragoedias
1243 2212 1531 2257 componebant,
1550 2219 1586 2245 et

942 2261 1131 2296 histriones
1143 2263 1208 2309 qui
1220 2264 1382 2308 agebant,
1395 2275 1468 2296 non
1482 2275 1585 2298 veros

943 2316 1094 2349 affectus
1122 2316 1338 2349 exhibebant
1348 2340 1360 2355 ‚
1384 2315 1448 2349 sed
1472 2317 1586 2351 simu·

942 2367 1032 2400 latos
1053 2379 1063 2399 ε
1092 2366 1189 2400 unde
1210 2365 1358 2413 tragoedi
1372 2392 1384 2408 ‚
1401 2376 1439 2402 et
1457 2381 1584 2416 magna

943 2431 1026 2453 cum
1045 2420 1142 2453 vocis
1167 2419 1397 2453 contentione
1420 2432 1586 2466 pronun-

943 2471 1051 2512 tiare,
1069 2479 1106 2504 et
1126 2471 1307 2505 tristitiam
1327 2471 1464 2519 fingere
1486 2475 1585 2510 soliti

943 2531 1056 2557 eram.
1073 2523 1117 2557 C.
1514 2539 1522 2546 ·

990 2579 1027 2616 4.
1049 2578 1192 2608 Vulnera
1212 2589 1268 2609 seu
1288 2578 1426 2622 Parthi-1
1442 2581 1585 2613 Vulnera

299 2693 342 2723 V.
360 2702 391 2723 2.
415 2693 554 2736 linguas
574 2702 686 2736 optare
709 2694 743 2724 in
767 2693 915 2724 carmina
938 2701 1075 2724 centum.
1097 2694 1179 2726 eod.
1199 2695 1387 2735 Fauchetii,
1407 2694 1449 2728 1²⁶
1472 2698 1561 2738 807⁰
1574 2722 1585 2739 ‚

254 2744 289 2774 in
306 2745 453 2777 car-mina
470 2754 603 2778 tantum.
618 2747 687 2779 Alii
698 2757 828 2785 omnes,
840 2753 873 2778 et
886 2753 1019 2785 noster,
1032 2755 1167 2779 centum.

1307 2804 1347 2847 8.
