1846 3184
594 395 908 454 SATIRA
949 397 1033 453 II.

566 541 634 569 DE
668 540 814 570 BONA
846 539 1054 570 MENTE.

219 627 406 705 Hunc
419 689 431 711 ,
450 657 664 710 Macrine,
685 656 798 699 diem
817 671 994 698 numera
1009 656 1185 698 meliore
1201 654 1367 715 lapillo,

218 723 306 788 Qui
326 735 407 776 tibi
429 734 617 775 labentes
639 733 820 790 apponit
842 732 1045 774 candidus
1067 747 1212 774 annos.

219 809 370 853 Funde
390 824 555 852 merum
578 809 731 851 Genio.
756 809 797 851 N
799 824 857 851 on
881 819 928 850 tu
950 822 1075 866 prece
1094 809 1231 867 poscis
1250 810 1382 851 emaci

213 949 247 972 ι.
270 939 443 980 Macrine]
460 937 542 969 Vet.
567 935 678 969 schol.
708 951 722 965 ι
738 935 797 968 Al-
847 939 970 968 Ponere
983 943 1018 968 et
1030 948 1190 979 apponere
1200 935 1306 970 verba
1316 943 1401 970 sunt
1414 937 1483 971 cal-

167 1006 183 1020 ·
196 989 358 1035 loquitur
389 987 544 1021 Plotium
570 986 767 1020 Macrinum
786 1012 797 1029 ,

167 1058 184 1072 ι
196 1041 376 1075 hominem
388 1051 471 1072 sane
483 1038 663 1072 eruditum
672 1063 682 1081 ,
693 1048 728 1073 et
739 1051 800 1085 pa-

169 1110 185 1124 ι
199 1102 302 1128 terno
314 1105 350 1126 se
362 1092 492 1126 affectu
506 1091 725 1137 diligentem,
739 1091 802 1138 qui

171 1163 186 1176 ι
200 1146 238 1179 in
251 1144 358 1179 domo
365 1144 503 1178 Servilii
512 1143 695 1186 didicerat,
703 1156 722 1177 a
731 1155 804 1189 quo

171 1215 187 1228 ι
200 1198 353 1244 agellum
370 1204 648 1242 comparaverat,
663 1195 804 1230 indulto

174 1267 189 1282 ι
203 1251 271 1284 sibi
283 1250 402 1296 pretio
413 1249 608 1295 aliquanto.
621 1265 636 1278 ι
647 1269 694 1275 -—-
704 1250 806 1282 Diem.

172 1302 331 1341 Natalem
343 1309 456 1334 tunm.
469 1300 610 1334 Scilicet
621 1325 632 1342 ‚
646 1312 723 1334 mos
735 1307 807 1333 erat

172 1354 271 1401 apud
279 1362 415 1389 veteres
427 1353 534 1387 natali
546 1353 740 1387 amicorum
749 1351 807 1386 die

171 1406 384 1441 munusculo
413 1418 472 1440 eos
499 1406 618 1452 aliquo
645 1405 784 1439 afficere
795 1416 807 1447 3

173 1467 211 1494 et
218 1462 332 1506 poeta
342 1457 490 1505 quidem
497 1482 509 1499 ,
522 1457 691 1504 doctique
701 1469 810 1503 opus·

175 1512 323 1546 culum
330 1510 534 1545 deferebant
545 1523 553 1543 :
569 1511 664 1544 hunc
675 1523 810 1544 morem

174 1564 337 1611 seqnitur
348 1564 489 1598 Persius
502 1576 581 1610 erga
596 1564 808 1597 Macrinum.

175 1617 231 1651 De
244 1615 303 1650 die
318 1616 424 1650 natali
434 1640 446 1657 ,
464 1615 540 1650 vid.
557 1615 808 1649 Censorinum.

177 1670 371 1701 —Numera
379 1669 508 1701 meliore
519 1670 628 1711 lapillo
634 1693 642 1700 .
650 1667 812 1702 Candido

177 1733 307 1766 nempe
318 1732 374 1754 res
385 1720 473 1754 laetae
486 1719 714 1760 notabantur,
722 1720 813 1753 sicut

178 1768 256 1807 atro
266 1785 322 1807 res
333 1781 462 1807 moestae
475 1780 510 1806 et
523 1772 692 1806 infelices.
706 1773 811 1805 Mart.

180 1819 350 1872 epigram.
365 1825 428 1858 lib.
446 1825 522 1866 lx,
539 1823 582 1857 53
595 1837 605 1857 ε

222 1885 311 1915 Felix
322 1891 452 1925 utraque
463 1885 519 1914 lnx
528 1906 541 1919 ,
555 1884 682 1923 diesque
694 1883 784 1912 nobis

224 1931 372 1973 Signandi
387 1931 565 1961 melioribus
579 1930 702 1970 lapillis.

186 1987 380 2027 caeterum,
397 1997 534 2019 morem
554 1984 656 2017 illum
672 1983 821 2029 viguisse

185 2038 345 2085 primum
357 2036 453 2084 apud
464 2036 616 2069 Thracas
632 2043 756 2069 auctor
772 2042 823 2068 est

186 2091 279 2124 Plin.
286 2090 348 2124 lib.
356 2089 445 2131 VII,
454 2101 529 2135 (ηρ.
537 2092 591 2128 40.
597 2087 822 2120 P.-Meli0re.

188 2143 272 2178 Non
283 2141 505 2184 candidiore;
514 2153 606 2182 uam,
613 2140 742 2174 alboris
750 2152 823 2173 non

189 2195 311 2242 plures
338 2202 438 2228 erant
468 2192 595 2240 gradus
607 2205 619 2235 ;
639 2192 700 2226 sed
730 2192 824 2225 inter

189 2249 310 2283 album
323 2256 359 2282 et
371 2248 512 2294 nigrum
528 2245 682 2293 lapidem
693 2248 822 2284 melior,

190 2301 266 2336 sine
278 2300 390 2335 dubio
400 2326 411 2343 ‚
429 2309 481 2335 est
496 2300 608 2334 albus.
625 2300 668 2333 A.

242 2365 275 2387 a.
307 2355 371 2396 Qui
393 2354 451 2385 tibi
475 2354 633 2390 labentes,
650 2352 727 2394 eta]
753 2349 826 2391 Qui

195 2416 306 2439 aevum
316 2429 328 2446 ‚
353 2403 453 2450 quod
483 2402 643 2450 quotidie
669 2403 801 2436 labitur
815 2427 825 2443 ‚

126 2484 128 2487 .
196 2457 262 2490 tibi
293 2456 460 2503 producit
480 2481 492 2498 ,
523 2468 659 2490 novum
694 2467 827 2488 annum

159 2541 162 2542 γ
198 2508 316 2543 dando
332 2517 368 2544 et
382 2507 825 2556 auspicando.-Apponie.

850 989 1022 1022 culonum
1030 1012 1041 1029 ,
1055 996 1096 1022 ut
1105 988 1202 1034 apud
1214 989 1353 1024 Graecos
1364 992 1484 1024 τιθέναι

852 1048 887 1074 et
908 1042 1120 1086 προστιθέναι.
1140 1061 1187 1066 -
1206 1043 1374 1074 Candidus.
1402 1042 1487 1076 Dies

852 1091 975 1124 natalis
990 1091 1124 1134 bonus,
1142 1093 1333 1139 propitius.
1350 1093 1391 1127 C.

904 1161 934 1194 3.
942 1163 1052 1193 Funde
1060 1174 1181 1195 merum
1191 1165 1316 1207 Genio]
1322 1163 1491 1198 Nascenti

858 1213 988 1260 cuique
1006 1214 1145 1248 homini
1168 1216 1346 1251 familiaris
1361 1224 1396 1250 et
1411 1229 1490 1263 spe·

857 1266 952 1300 ciali,
961 1266 1191 1302 addicebantur
1200 1269 1493 1311 Genius‚sequ.1'.-

858 1332 926 1364 μων
938 1342 948 1359 ,
965 1319 1029 1365 qui
1041 1320 1217 1354 natalibus
1225 1333 1363 1367 praeses,
1373 1321 1492 1368 deque

858 1371 934 1416 ejus
952 1370 1062 1405 salute
1083 1371 1271 1412 solllcitus‚
1287 1372 1495 1407 hortabatur

859 1418 1040 1454 interdum
1057 1429 1097 1455 ut
1107 1446 1118 1463 ‚
1131 1423 1268 1456 omissis
1285 1423 1380 1457 curis
1391 1448 1403 1465 ‚
1417 1435 1495 1457 cor-

860 1484 929 1518 pus
942 1481 978 1507 et
991 1473 1150 1507 animum
1165 1474 1296 1508 laxaret
1308 1500 1319 1517 ,
1336 1483 1370 1509 et
1385 1475 1496 1509 vitam

861 1525 955 1559 laute
966 1525 1138 1573 beateque
1150 1536 1284 1573 ageret3
1299 1527 1396 1562 unde
1407 1528 1495 1570 haec,

864 1580 961 1611 Genio
970 1581 1146 1623 indulgere,
1158 1592 1225 1626 pro
1234 1581 1301 1613 sibi
1314 1580 1498 1627 indulgere

863 1631 1178 1679 voluptatibusque
1200 1634 1289 1676 frui;
1311 1642 1346 1667 et
1368 1634 1501 1676 defrau-

863 1686 942 1717 dare
974 1687 1109 1718 Genium
1123 1710 1135 1724 ‚
1161 1698 1228 1732 pro
1256 1685 1500 1732 voluptatibus

864 1736 1048 1779 abstinere,
1058 1750 1094 1771 se
1101 1737 1198 1772 victu
1207 1750 1271 1771 suo
1280 1737 1501 1779 defraudare;

866 1797 902 1822 et
918 1791 1103 1834 belligerare
1124 1803 1195 1823 cum
1210 1792 1331 1829 Genio,
1348 1801 1416 1836 pro
1435 1789 1503 1823 sibi

867 1841 1196 1888 cupiditatibusque
1222 1842 1405 1888 imperare.
1433 1841 1503 1876 Ge-

869 1894 930 1927 nio
944 1894 1118 1935 libabant,
1129 1894 1232 1928 certis
1245 1893 1389 1936 diebus,
1405 1894 1506 1941 quod.

870 1955 968 1993 patet
984 1959 1028 1980 ex
1043 1946 1166 1982 Horat.
1183 1947 1248 1981 lib.
1267 1948 1326 1990 11,
1341 1948 1444 1994 epist.
1462 1959 1478 1981 1
1495 1960 1502 1979 :

874 2029 1027 2103 Teuuffi
1043 2037 1140 2068 porco
1150 2051 1159 2065 ‚
1173 2028 1329 2058 Silvanum
1344 2029 1423 2058 lacte
1439 2027 1507 2066 pia-

1016 2081 1050 2110 t,

873 2121 1016 2151 Floribus
1038 2127 1069 2151 et
1088 2123 1161 2151 vino
1184 2121 1316 2152 Genium
1341 2129 1505 2150 memorem

954 2169 1057 2198 brevis
1071 2169 1138 2198 aevi.

876 2249 912 2276 et
930 2242 1124 2288 praesertim
1146 2241 1204 2276 die
1230 2241 1336 2275 natali
1356 2240 1510 2284 (Censo-

876 2293 976 2327 rinus
998 2293 1042 2327 de
1062 2292 1120 2327 die
1144 2293 1299 2336 natali);
1318 2304 1398 2324 nam
1412 2316 1423 2331 ‚
1446 2302 1511 2324 cae-

878 2346 962 2380 teris
980 2345 1126 2392 quidem
1144 2345 1267 2378 diebus
1278 2368 1289 2385 ,
1308 2343 1447 2388 quoties
1460 2343 1514 2376 hi-

878 2398 983 2431 larius
1002 2410 1041 2430 ac
1059 2397 1189 2430 lautius
1212 2409 1247 2429 se
1271 2395 1513 2441 excipiebant,

880 2453 983 2486 toties
1001 2451 1116 2484 Genio
1135 2461 1232 2482 mero
1253 2461 1292 2482 ac
1308 2460 1394 2482 caesa
1409 2448 1514 2482 etiam

878 2505 1019 2539 victima
1042 2528 1053 2545 ‚
1086 2515 1213 2549 nempe
1247 2513 1357 2548 porco
1390 2501 1516 2536 bima·

247 2626 295 2655 V.
321 2635 352 2656 2.
377 2626 525 2667 Apponit.
549 2626 668 2657 Melius
693 2623 790 2666 quam
813 2629 973 2664 apponet,·
993 2622 1039 2652 ita
1061 2620 1180 2662 optimi
1203 2619 1332 2651 codices
1357 2619 1462 2651 nostri
1486 2626 1518 2651 et

218 2677 391 2710 editiones.
403 2681 506 2711 Vetus
522 2678 624 2710 schol.
636 2684 782 2720 apponet.
795 2676 875 2718 Codf
886 2675 1117 2708 Mentemanus
1128 2694 1137 2712 2
1150 2671 1189 2705 u⁰
1204 2675 1291 2725 82&
1302 2696 1311 2713 ,
1325 2680 1478 2716 apponat.
