1846 3184
376 241 457 321 14'2

715 271 766 311 A.
805 270 1062 312 PERSII
1105 271 1361 315 FLACCI

430 352 452 394 J
456 367 525 394 am
545 366 662 394 nunc
682 353 910 412 astringas,
925 354 1014 411 jam
1031 369 1151 396 nunc
1170 356 1366 414 granaria
1384 356 1498 399 laxes
1511 388 1524 410 ,

1658 376 1724 399 1¹0

432 430 573 488 Inque
591 430 684 472 luto
702 429 839 472 fixum
856 431 991 490 possis
1008 432 1312 476 transcendere
1331 440 1559 476 nummum
1572 466 1585 488 ,

430 506 521 549 Nec
540 506 680 566 glutto
703 507 876 549 sorbere
900 508 1076 551 salivam
1102 509 1437 552 Mercurialem?

373 641 484 671 Presso
493 640 587 670 Lare.
596 636 718 670 Rebus
730 635 830 670 domi
844 637 1002 682 angustis
1012 662 1023 678 ‚

375 700 411 726 et
441 702 550 737 parya
580 688 655 723 aede
690 698 885 724 contentus
899 689 915 723 Ρ
941 703 1024 726 esne

374 743 539 778 modicus
548 742 586 776 in
595 743 689 776 votis
698 768 708 785 ,
719 742 865 789 frugalis
876 743 915 776 in
927 743 1026 778 vita?

376 817 423 822 —
432 797 543 829 Dulcis
560 797 685 828 amicis.
706 795 841 829 Eamne
854 796 1027 831 virtutem

374 850 497 890 habes,
509 861 618 896 quam
631 849 668 882 in
680 848 801 883 medio
812 849 1028 885 collocamus

377 901 554 943 αὐθαδείας
582 912 617 938 et
643 904 811 947 ἀρεσκείας
821 929 830 942 ,
859 912 895 938 et
923 905 1026 950 φιλίαν

376 954 575 991 vocamus?
594 955 637 989 C.

428 1033 508 1055 110.
534 1024 609 1054 Iam
634 1034 722 1054 nunc
746 1022 929 1065 astringas,
950 1021 1023 1068 eta]

376 1076 471 1109 Esne
486 1086 570 1108 cum
583 1074 724 1107 ratione
741 1082 778 1107 et
793 1074 868 1108 sine
881 1075 1029 1109 avaritia

377 1141 510 1175 parcus
536 1136 572 1162 et
601 1126 766 1161 modicus
783 1139 794 1169 ;
818 1135 854 1162 at
879 1137 1006 1162 contra
1017 1153 1028 1171 ,

378 1185 464 1217 cum
487 1194 543 1216 res
567 1182 707 1228 poscit,
728 1182 885 1216 liberalis
905 1190 940 1216 et
956 1195 1028 1216 ma-

377 1236 552 1284 gnificus;
573 1248 648 1269 uno
667 1236 780 1270 verbo
791 1261 802 1278 ‚
817 1248 922 1282 -aeque
939 1249 1029 1282 pru-

379 1291 470 1326 dens
492 1303 532 1324 ac
559 1290 722 1336 sapiens,
746 1292 776 1325 ἐν
804 1290 897 1335 λήψει
916 1290 972 1325 καὶ
995 1292 1026 1325 ἐν

377 1343 498 1380 ddum?
516 1345 560 1377 A.

430 1418 511 1440 111.
545 1409 650 1449 Inque
684 1408 751 1438 luto
773 1407 886 1452 fixum
900 1432 912 1445 ‚
941 1409 1027 1450 eta]

379 1459 579 1495 Nullumne
593 1459 748 1493 avaritiae
762 1467 798 1493 et
813 1458 976 1493 sordium
990 1460 1029 1492 in

378 1522 414 1549 te
439 1514 583 1560 signum
611 1522 760 1559 apparet
774 1525 786 1556 ;
812 1522 847 1547 et
876 1513 966 1548 adeo
993 1526 1030 1547 es

379 1567 509 1602 excelsi
521 1566 631 1600 animi
641 1591 651 1608 ‚
666 1574 708 1599 ut
717 1591 728 1608 ,
742 1567 781 1600 in
794 1567 902 1601 trivio
915 1566 1030 1601 fixum

380 1621 418 1654 in
428 1620 508 1654 luto
520 1632 539 1653 a
551 1619 674 1666 pueris
686 1620 893 1660 nummum,
904 1628 946 1653 ut
958 1633 1031 1653 sor-

380 1673 487 1708 didos
514 1668 742 1719 cognoscant>
759 1681 796 1707 et
828 1672 1004 1707 irrideant
1019 1698 1030 1714 ‚

380 1726 497 1774 possis
509 1724 762 1760 transcendere
772 1738 813 1760 ac
823 1726 1032 1773 praeterire?

381 1782 436 1814 Ita
453 1780 618 1813 Lubinus
634 1791 641 1811 :
662 1787 698 1812 at
716 1779 845 1813 melior
861 1779 951 1813 mibi
967 1780 1033 1814 Ca-

381 1833 535 1867 sauboni
553 1834 802 1880 interpretatio
819 1832 977 1868 videtur.
996 1835 1032 1867 Is

382 1899 419 1921 es
439 1895 479 1921 tu
490 1912 500 1928 ‚
517 1887 581 1934 qui
595 1887 708 1933 possis
725 1895 958 1921 contemnere
976 1887 1033 1921 lu-

381 1953 487 1975 crum
497 1949 605 1987 turpe
616 1949 652 1975 et
663 1940 762 1987 quod
770 1941 920 1976 lutulet?
927 1942 1033 1982 Hinc,

380 1997 517 2027 Luteum
530 1996 655 2027 lucrum
669 1993 768 2040 apud
783 1995 825 2027 D.
839 1994 1030 2041 Augustin.

379 2048 425 2082 V.
440 2047 606 2082 Consess.
624 2047 669 2081 A.

432 2124 513 2147 ¹12.
546 2114 615 2145 Nec
637 2113 744 2157 glutto
771 2114 920 2151 sorbere,
949 2114 1032 2156 eta]

384 2182 400 2196 α
413 2164 497 2200 Non
506 2165 638 2207 solum,
647 2165 769 2211 inquit
777 2164 873 2198 idem
885 2164 1033 2198 casaub.

384 2216 650 2266 «αἰσχροκερδὴς
669 2232 745 2253 non
772 2231 832 2260 es;
858 2217 921 2253 sed
946 2224 1032 2264 φιλο-

384 2288 398 2301 w
415 2270 533 2320 κερὸἢς
573 2267 741 2319 quidem?
773 2272 858 2306 Haec
894 2271 1034 2305 diversa

385 2341 399 2355 a
416 2332 522 2365 sunt;
538 2322 603 2358 sed
615 2349 627 2366 ‚
644 2336 725 2370 quae
748 2335 785 2358 se
809 2331 941 2357 mutuo
959 2324 1035 2357 fere

385 2394 399 2408 «
417 2386 698 2425 consequantur.
708 2377 800 2411 Nam
813 2377 878 2424 qui
889 2376 1035 2411 lucrum

387 2449 402 2462 ι
418 2439 539 2466 amant
559 2456 570 2474 ‚
597 2443 673 2465 non
704 2430 864 2464 multum
892 2428 1064 2464 solliciti·

1080 655 1095 669 ι
1110 647 1194 674 sunt
1206 639 1305 674 unde
1316 639 1409 674 illud
1420 639 1604 683 adveniat,
1617 641 1727 675 modo

1082 709 1095 722 ι
1110 693 1242 727 veniat.
1253 713 1298 719 —
1310 696 1420 727 Glutto
1437 696 1567 727 sorbere
1584 696 1726 727 salivam.

1082 762 1096 776 ι
1113 747 1187 789 Qui
1208 746 1313 782 avide
1339 747 1478 794 gluttit.
1505 748 1652 782 Gluttus
1676 757 1729 782 est

1083 815 1097 829 κ
1112 811 1194 845 pars
1219 800 1325 843 colli,
1349 803 1422 847 qua
1450 801 1521 835 cibi
1546 801 1728 835 transmit-

1083 868 1098 881 ·
1115 860 1260 887 tuntur.
1280 853 1380 888 Ficta
1400 866 1471 890 vox
1493 867 1561 902 per
1579 867 1728 888 onoma·

1083 921 1098 934 ι
1116 906 1303 951 topoeiam3
1316 919 1400 941 nam
1415 911 1491 952 glut
1505 917 1557 942 est
1575 908 1729 955 imitatio

1084 976 1099 989 ι
1115 959 1212 1000 soni,
1229 972 1339 1006 quem
1354 959 1431 996 edit
1447 960 1571 1009 liquor
1587 974 1652 1008 per
1668 974 1729 995 an-

1083 1029 1097 1042 ·
1114 1021 1260 1059 gustum
1286 1014 1468 1048 tramitem
1491 1027 1625 1049 means.
1642 1015 1727 1049 Vet-

1084 1083 1098 1096 -
1114 1070 1223 1113 poe'ta
1240 1065 1286 1101 de
1301 1067 1439 1102 rustico
1457 1068 1558 1102 ebrio
1573 1081 1583 1101 :

1082 1154 1096 1168 «ι
1110 1141 1246 1172 Percutit
1254 1149 1285 1172 et
1292 1142 1405 1183 frangit
1415 1153 1423 1172 :
1437 1152 1491 1173 vas
1498 1142 1605 1174 vinum
1613 1142 1730 1173 defluit:

1167 1202 1180 1215 α
1191 1199 1266 1220 ansa
1728 1223 1733 1230 ‚

1125 1249 1139 1262 u
1151 1235 1264 1267 Stricta
1278 1236 1336 1266 fuit
1348 1247 1355 1267 :
1367 1237 1461 1278 glut,
1475 1237 1554 1279 glut
1563 1244 1735 1268 murmurat

1165 1297 1179 1310 u
1193 1284 1276 1314 unda
1288 1295 1410 1315 sonans.
1422 1299 1436 1312 ι

1082 1381 1129 1387 —-
1135 1363 1274 1394 Salivam
1284 1364 1520 1395 Mercurialem.
1529 1361 1735 1395 Mercurius

1082 1415 1177 1448 lucri
1194 1428 1323 1462 praeses
1341 1423 1376 1450 et
1394 1416 1512 1457 Deus,
1533 1413 1635 1462 quod
1654 1427 1733 1449 om-

1083 1468 1191 1501 nibus
1206 1477 1347 1502 notum.
1364 1469 1459 1502 Hinc
1474 1467 1653 1515 cupiditas
1671 1467 1735 1502 de-

1084 1521 1236 1555 vorandi
1256 1523 1348 1556 lucri
1371 1522 1506 1556 dicitur
1527 1524 1635 1555 saliva
1646 1524 1734 1554 Mer·

1083 1577 1223 1608 curialis.
1233 1577 1443 1623 Metaphora
1455 1576 1564 1610 ducta
1575 1588 1593 1609 a
1602 1584 1710 1622 gustu
1724 1588 1733 1607 τ

1085 1630 1168 1677 quia
1179 1654 1190 1671 ‚
1208 1632 1293 1664 cum
1309 1629 1483 1678 obJ'icitur
1497 1629 1600 1664 cibus
1613 1629 1733 1676 palato

1081 1682 1269 1728 jucundus
1282 1708 1293 1725 ,
1311 1683 1470 1718 catilloni
1483 1682 1683 1729 praesertim
1700 1689 1735 1715 et

1084 1736 1227 1784 guloso,
1237 1737 1425 1771 suboritur
1436 1737 1558 1770 statim
1571 1745 1608 1770 et
1617 1734 1737 1770 affluit

1085 1788 1130 1823 ad
1147 1802 1187 1823 os
1204 1791 1281 1837 ejus
1298 1790 1407 1825 saliva
1424 1803 1466 1824 ex
1481 1789 1649 1836 appetitu
1661 1788 1737 1822 lau-

1088 1843 1248 1877 titiarum
1261 1868 1271 1885 ‚
1288 1842 1388 1878 unde
1408 1850 1514 1878 verus
1537 1838 1630 1876 illud
1650 1853 1737 1888 pro-

1086 1897 1256 1932 verbium
1270 1896 1450 1932 Gallicum
1460 1923 1470 1938 ,
1483 1898 1571 1930 l'eau
1584 1897 1634 1929 lui
1643 1897 1741 1928 vient

1086 1952 1108 1983 ὰ
1122 1953 1156 1983 Ia
1172 1952 1294 1984 bouche
1303 1976 1315 1991 ,
1329 1949 1431 1997 quod
1445 1949 1569 1984 festive
1583 1948 1668 1982 satis
1680 1960 1738 1982 ex·

1086 2005 1231 2051 pressit,
1243 2005 1376 2039 nostris
1385 2002 1737 2051 temporibus‚poeta

1088 2057 1239 2104 quidam
1264 2056 1480 2092 dramaticus
1506 2057 1572 2101 (M.
1589 2057 1737 2092 meel,

1088 2111 1176 2145 dans
1190 2111 1304 2145 Raoul
1317 2136 1328 2152 ‚
1348 2110 1426 2144 Sire
1445 2108 1491 2143 de
1503 2108 1639 2155 Crequi
1648 2108 1664 2153 )
1673 2131 1685 2150 ,
1698 2105 1736 2140 in

1086 2164 1142 2198 his
1156 2164 1342 2198 cantilenae
1359 2162 1546 2198 versibus:

1128 2245 1187 2274 Car
1199 2253 1237 2272 en
1250 2242 1305 2272 fait
1318 2242 1356 2272 de
1371 2241 1446 2272 fruit
1458 2240 1593 2271 dhfendu
1602 2262 1612 2276 ,

1127 2291 1190 2320 Des
1204 2290 1301 2329 qu'on
1312 2300 1332 2327 y
1343 2299 1438 2330 pense
1447 2311 1457 2326 ,
1471 2299 1513 2319 ou
1526 2287 1624 2328 qu'on
1636 2297 1656 2326 y
1668 2292 1737 2316 tou-

1170 2338 1227 2368 che
1242 2337 1311 2379 (bis
1320 2335 1334 2377 )
1345 2359 1354 2372 ,

1129 2385 1225 2416 L'eau
1248 2384 1286 2414 de
1310 2384 1388 2414 suite
1409 2393 1449 2413 en
1470 2383 1556 2414 vient
1576 2381 1594 2412 'a
1610 2382 1640 2412 la
1660 2382 1739 2412 bou-

1172 2433 1229 2464 che
1244 2430 1344 2474 (bis).
1365 2432 1402 2462 A.

387 2551 530 2582 modicus
547 2550 643 2582 voti:
655 2551 838 2588 Puteanus,
854 2560 888 2581 os
908 2548 1051 2580 modicus
1071 2546 1165 2586 voci,
1183 2546 1276 2578 male.
1295 2545 1380 2589 Cod.
1400 2544 1549 2584 Pithoei,
1563 2541 1603 2576 n⁰
1626 2544 1715 2585 8072
1727 2566 1737 2582 ‚

388 2612 422 2635 m
435 2605 577 2636 modicus
586 2615 698 2648 presso
715 2604 791 2635 voti
803 2604 873 2635 lare
880 2615 896 2641 ;
911 2602 1068 2635 mendose
1086 2612 1235 2645 quoque.

435 2686 475 2716 V.
499 2697 512 2716 1
522 2697 574 2719 ιο.
596 2686 791 2731 Αετνῐηςαε.,
803 2709 811 2730 ‚-
822 2709 829 2718 .
845 2686 944 2720 laxes.
958 2684 1041 2719 Cod.
1059 2690 1193 2725 noster,
1211 2681 1371 2727 astringis.
1382 2705 1390 2714 .
1402 2704 1410 2714 .
1426 2706 1433 2714 .
1447 2679 1556 2715 laxas.
