1846 3184
86 0 122 13 *J*
134 0 139 10 ε’
160 0 193 13 ,ψ
206 0 209 2 ·

0 0 98 223 Γ.
139 30 142 31 ⁷

3 227 11 254 ἰ

0 277 6 301 '3

116 265 1402 285 mmmmm-mmmm
1406 269 1469 283 w·

365 387 447 457 c.
483 343 928 457 'LUCILII
974 387 1214 455 VITA

120 537 158 581 E
188 539 544 583 FRANCISCI
570 539 828 582 DOUSAE
862 540 1063 583 NOTIS
1093 540 1467 584 EXCERPTA.

122 766 415 838 Aru-noun:
435 805 594 845 operam
618 807 745 834 meam
768 794 944 846 reliquiis
963 795 1107 833 Lucilii
1124 795 1372 833 commodem
1384 823 1396 842 ,
1412 808 1473 833 res

123 859 208 909 ipsa
228 855 431 909 postulare
446 858 624 904 videtur,
644 867 691 896 ut
711 873 834 910 pauca
858 860 967 911 prius
994 859 1043 897 de
1067 860 1174 911 ipso,
1194 873 1354 911 genere,
1372 860 1473 906 vita,

122 935 168 959 ac
191 921 362 973 denique
385 922 537 973 scriptis
563 923 669 971 ejus,
685 937 773 974 quae
798 924 947 962 fortean
972 924 1038 961 cui
1064 925 1267 976 negotium
1290 924 1476 962 facessere

123 995 297 1037 possent,
305 987 521 1038 expediam.
532 987 706 1024 Primum
715 988 846 1039 itaque
855 1001 996 1026 moneo
1007 1002 1151 1028 nomen
1159 990 1283 1041 ipsius
1290 992 1478 1027 Lucmus

125 1049 294 1102 simplici
311 1053 329 1087 l
343 1051 492 1101 ubique
512 1051 824 1100 rescribendum,
837 1066 918 1091 non
934 1056 1167 1101 Lummus,
1179 1062 1226 1091 ut
1235 1055 1317 1106 jam
1335 1053 1478 1124 passim

125 1123 330 1166 receptum
347 1115 475 1153 video.
491 1118 624 1154 Testes
645 1130 781 1155 omnes
798 1126 946 1155 veteres
964 1117 1055 1155 libri
1074 1126 1153 1156 tam
1170 1119 1306 1156 formis
1324 1117 1478 1161 excusi,

125 1193 248 1231 quam
266 1192 385 1217 manu
401 1180 567 1228 exarati,
586 1181 808 1228 Ciceronis,
822 1182 997 1229 Horatii,
1013 1184 1136 1229 Festi,
1155 1183 1296 1229 Nonii,
1315 1191 1355 1220 et
1377 1182 1479 1220 alio-

125 1257 240 1290 rum,
260 1244 331 1296 qui
353 1245 573 1284 testimonia
598 1247 683 1298 ejus
707 1247 849 1298 saepius
872 1247 1083 1285 advocant:
1100 1248 1142 1285 in
1162 1248 1320 1299 quibis
1328 1260 1482 1298 semper

125 1311 312 1346 Lucmtrs
340 1309 513 1349 disertim
539 1323 765 1363 expressum
792 1311 987 1358 invenies,
1009 1325 1139 1362 neque
1168 1325 1346 1363 unquam
1369 1311 1481 1349 aliter

125 1374 168 1410 in
186 1373 384 1424 lapidibus
403 1375 562 1427 priscis3
584 1375 634 1413 ad
653 1376 767 1427 cujus
786 1376 843 1414 rei
865 1376 985 1413 fidem
1006 1376 1276 1414 stabiliendam
1296 1376 1396 1414 hanc
1416 1376 1482 1413 in-

126 1451 245 1489 super
269 1439 540 1478 auctoritatem
567 1439 737 1478 addebat
758 1440 819 1478 vir
847 1441 956 1478 omni
980 1440 1096 1479 laude
1129 1449 1169 1479 et
1194 1440 1340 1478 invidia
1359 1442 1483 1493 major

127 1502 323 1554 Iosephus
338 1503 531 1555 Scaliger,
548 1505 639 1542 cnm
668 1505 704 1542 ei
735 1518 863 1543 meam
886 1514 1057 1543 mentem
1076 1506 1326 1557 aperuissem.
1348 1505 1484 1556 siqui-

127 1566 242 1613 dem,
261 1576 410 1606 veteres
427 1567 534 1606 haud
553 1569 665 1607 aliter
684 1571 704 1606 1
727 1569 959 1621 productam
972 1598 983 1616 ‚
1005 1569 1125 1621 quam
1146 1571 1198 1607 EI
1220 1569 1483 1621 diphtongum

127 1632 329 1670 enuntiare
361 1632 496 1671 solitos
514 1661 525 1678 ‚
552 1633 662 1684 quod
691 1647 740 1671 ex
769 1634 1022 1685 antiquorum
1048 1642 1396 1671 monumentorum
1421 1634 1484 1670 in-

127 1697 405 1748 scriptionibus
416 1698 581 1748 probare
594 1711 880 1749 supervacuum
896 1698 1026 1743 fuerit,
1037 1706 1155 1749 atque
1170 1698 1261 1735 hinc
1272 1700 1485 1735 Lucmmus

127 1749 268 1798 *eadem
294 1762 443 1799 ratione
474 1763 554 1812 qua
584 1753 817 1800 Suvmuus
847 1754 964 1800 scribi
988 1763 1184 1800 veteribus
1212 1763 1457 1800 consuevisse
1470 1790 1483 1808 ‚

131 1825 264 1876 itaque
273 1825 567 1863 rescribendum
575 1825 682 1877 apud
689 1826 906 1864 Martialem
917 1826 1023 1864 hunc
1035 1827 1157 1878 ipsius
1162 1827 1304 1864 Lucilii
1311 1839 1482 1865 versum:

364 1903 492 1934 Luceili
506 1903 692 1936 Columella
708 1903 785 1935 heic
802 1904 870 1936 situ
887 1905 1132 1947 Metrophanes.

130 1984 212 2022 quo
230 1970 460 2009 salebrosior
478 1971 771 2022 quodammodo
794 1973 861 2019 sit,
885 1981 926 2011 et
943 1973 1216 2025 antiquitatem
1239 1974 1363 2026 magis
1386 1973 1485 2012 resi-

131 2035 236 2086 piat,
255 2035 369 2084 cujus
387 2035 508 2087 gratia
534 2050 627 2074 eum
649 2036 784 2074 laudat
806 2037 1007 2075 Martialis.
1026 2038 1214 2076 Eamdem
1232 2052 1351 2090 porro
1370 2038 1486 2076 ratio-

131 2113 224 2138 nem
239 2100 281 2137 in
295 2102 479 2138 Sammo
496 2101 671 2142 obtinere
687 2102 853 2153 probant
866 2102 1020 2140 nummi
1033 2111 1183 2141 veteres
1194 2132 1205 2150 ,
1223 2116 1324 2154 quos
1340 2111 1487 2140 exstare

133 2177 215 2202 non
240 2177 388 2216 paucos
405 2165 484 2203 vidi
499 2195 511 2212 ,
531 2179 625 2203 cum
653 2165 714 2203 his
738 2167 867 2204 notis:
888 2169 931 2204 C.
960 2169 1217 2213 Snnvmmus3
1238 2180 1329 2204 nam
1348 2180 1486 2203 vocem

132 2228 233 2267 hanc
244 2230 415 2268 secunda
428 2229 576 2280 syllaba
589 2230 822 2281 productam
831 2230 909 2282 legi
918 2231 1061 2269 debere
1074 2232 1165 2268 satis
1174 2231 1333 2275 indicat,
1347 2238 1486 2281 praeter

133 2293 275 2331 Silium
292 2294 474 2332 Italicum
496 2294 603 2346 apud
628 2308 748 2346 quem
776 2295 959 2346 saepicule
983 2309 1069 2333 eam
1088 2295 1257 2346 reperias
1270 2323 1290 2352 ’k
1302 2293 1490 2331 Claudia-

139 2369 213 2394 nus
226 2386 238 2403 ,
256 2357 325 2396 lib.
342 2361 383 2406 1,
399 2359 442 2396 in
457 2359 691 2410 Eutropium
703 2388 714 2406 ‚
733 2359 809 2397 hoc
824 2372 960 2396 versu:

369 2435 555 2467 Indomitos
574 2446 674 2466 curru
693 2435 851 2467 Servilius
870 2436 937 2477 egit
955 2437 1094 2466 Isauros.

138 2499 244 2538 unde
261 2502 460 2542 manifesta
484 2504 653 2554 suspicio
678 2511 737 2540 est
757 2516 911 2540 versum
933 2502 1048 2539 illum
1071 2503 1208 2552 Ennii,
1228 2517 1369 2556 quem,
1389 2504 1489 2544 inter

95 2582 98 2587 Δ
139 2564 259 2612 alios,
278 2568 326 2605 A.
344 2566 516 2614 Gellius,
536 2568 604 2606 lib.
623 2569 700 2612 XII
712 2596 723 2614 ,
742 2580 827 2618 cap.
849 2572 870 2611 4
884 2595 895 2611 ,
915 2567 1122 2618 producit:

372 2644 473 2677 Hunc
490 2644 576 2678 inter
592 2656 722 2692 pugnas
741 2644 918 2688 compellat
936 2644 1093 2678 Servilius
1109 2645 1165 2676 sic.
