1846 3184
0 2366 39 2666 Ψᾷὲἐέὒέῖῖἀὲε...
0 2334 8 2340 ⁴
26 2290 35 2303 2
27 2162 29 2166 -
16 2138 29 2142 ι
33 2075 37 2079 ,

687 349 946 417 sarr-IRA
987 349 1042 392 v,
1283 371 1288 375 -
1477 354 1552 397 ,5¹

271 431 540 492 Quidpeti-s?
556 431 619 474 Ut
633 432 824 486 nummi,
839 446 949 489 quos
965 429 1039 474 hic
1052 430 1298 489 quincunce
1310 433 1506 477 modesto

267 509 486 554 Nutrieras
499 540 512 562 ,
535 518 717 566 pergant
735 507 883 567 avidos
907 507 1060 550 sudare
1080 506 1302 550 deuncos?
1407 518 1419 530 ⁸
1490 518 1557 550 150

209 660 351 691 numque
358 645 672 681 rubellum.Vinum
680 644 839 694 ignobile
847 670 860 689 ,

209 700 338 747 ingrati
362 699 520 747 saporis,
538 697 586 733 u't'
600 707 701 746 patet
723 711 765 733 ex
784 699 859 733 Ho-

208 754 301 788 ratio
312 759 459 800 quoque
472 761 507 787 et
516 753 670 797 Martiali
676 756 858 786 .—Laesum

203 809 292 851 pix.
315 807 498 841 Infectam
520 805 633 840 odore
653 805 766 852 picis,
786 807 859 852 qna

208 859 307 894 navis
320 859 455 907 pariter
468 867 503 893 et
517 858 612 893 obba
626 858 724 892 initae
739 867 776 894 et
792 858 858 892 ob-

211 919 351 947 turatae.
372 912 415 947 C.
435 919 471 946 et
489 911 531 945 P.

259 969 339 1011 149.
354 967 443 1009 Quid
446 966 531 1009 petis
538 970 556 997 ‚³
572 967 613 997 Ut
626 966 767 1003 nummi,
783 966 855 1008 eta]

207 1017 307 1060 Quid
330 1018 421 1065 petis
435 1043 446 1060 ,
463 1017 582 1064 pergit
607 1015 778 1050 luxuria?
791 1017 858 1050 Vis

206 1081 339 1115 nempe
350 1070 485 1115 majore
498 1080 582 1102 cum
596 1075 736 1114 quaestu
748 1079 858 1114 pecu-

207 1122 305 1156 niam
318 1130 416 1156 tuam
430 1132 607 1155 exercere.
620 1119 726 1155 Potes
739 1121 777 1154 in
786 1119 859 1154 ‘Ur-

208 1174 274 1214 be,
291 1174 332 1208 in
345 1175 422 1208 otio
434 1199 446 1217 ‚
460 1173 591 1221 quinos
609 1185 677 1220 pro
699 1173 859 1210 centenis

208 1226 418 1261 lucrifacere
458 1226 651 1273 quotannis
668 1238 680 1269 ;
707 1234 743 1260 et
789 1226 859 1260 hoc

190 1310 193 1311 γ
209 1279 364 1314 avaritia
381 1286 452 1315 tum
470 1291 544 1314 non
563 1278 698 1314 sufficit
709 1278 725 1312 ?
738 1287 775 1314 et
791 1291 859 1313 un-

207 1330 319 1367 denos
335 1343 405 1378 pro
416 1331 581 1366 'centenis
597 1331 761 1378 periculo
773 1339 837 1366 tuo
847 1356 859 1374 ‚

206 1393 244 1419 et
259 1384 517 1428 laborenimio,
529 1385 631 1432 cupis
641 1384 860 1433 adjicere?—

211 1439 399 1482 Qm’ncunee
441 1441 594 1472 modesto.
644 1438 859 1474 Gravissima

206 1490 354 1538 pridem*
362 1505 470 1527 usura
483 1500 558 1527 erat
566 1494 754 1532 centesima,
768 1497 838 1539 qua
846 1518 857 1535 ‚

207 1557 277 1592 pro
297 1554 446 1581 centum
467 1546 626 1581 nummis
648 1554 780 1580 mutuo
800 1559 858 1580 ac-

206 1599 320 1646 ceptis
337 1625 349 1642 ‚
378 1598 631 1647 pendebantur
662 1598 857 1634 duodecim

206 1653 319 1686 annui
331 1678 344 1694 ‚
359 1652 492 1700 singuli
506 1665 574 1699 pro
589 1653 771 1687 mensibus
785 1652 857 1687 sin-

207 1705 314 1751 gulis.
330 1705 425 1740 Huic
438 1706 604 1753 proxima
618 1703 751 1746 deunx,
771 1708 857 1740 cum

208 1757 379 1795 undecim
409 1757 654 1793 reddebantur
681 1771 750 1805 pro
774 1770 858 1792 cen-

208 1818 307 1854 tum3
320 1811 371 1846 sic
385 1819 421 1846 et
433 1813 596 1851 detrana,
609 1813 694 1845 cum
706 1810 830 1845 decem
841 1823 852 1853 ;

207 1865 358 1896 dodmna
371 1889 382 1902 ,
410 1865 494 1897 cum
522 1876 677 1906 novem;
706 1866 851 1903 bessalis,

209 1916 295 1949 cum
308 1923 411 1958 octo;
423 1926 562 1959 septunx
571 1941 583 1955 ,
597 1918 680 1950 cum
694 1924 853 1963 septem;

209 1970 321 2008 semis,
341 1970 426 2002 cum
445 1981 530 2012 sex;
554 1970 744 2012 quincunx,
770 1970 855 2003 cum

211 2021 397 2068 quinque;
415 2034 493 2068 quae
516 2033 624 2056 usura
645 2031 698 2056 est
718 2021 855 2056 medio·

210 2075 280 2109 cris
290 2100 303 2118 ,
318 2083 355 2109 et
363 2075 630 2122 jurisconsultis
646 2076 753 2111 etiam
766 2075 855 2110 dici-

210 2136 274 2161 tur
291 2128 399 2171 levis3
415 2136 457 2162 ut
474 2129 514 2163 in
530 2128 607 2175 lege
622 2133 729 2162 Tutor.
739 2131 773 2175 s.
790 2141 853 2172 10,

211 2179 364 2228 Πίελος.
375 2192 418 2228 ¹7
428 2180 474 2216 de
485 2181 603 2216 usuris
615 2190 651 2216 et
660 2181 854 2222 fructibus,

913 653 949 680 et
970 646 1048 693 Dig.
1074 645 1120 680 de
1143 643 1380 682 administrat.
1407 655 1443 682 et
1463 649 1558 695 peri·

913 698 995 732 culo
1011 706 1185 732 tutorum.
1203 698 1243 732 P.

962 764 977 786 1
985 752 1042 786 50.
1053 753 1243 797 Nun-ieras]
1257 753 1406 787 Foenore
1417 752 1559 788 modes·

913 813 951 840 to
978 817 1144 846 auxeras,
1170 805 1494 852 multiplicaveras‚
1516 815 1559 841 ut

910 857 1008 904 apud
1023 857 1212 891 Horatium
1223 883 1234 900 ‚
1249 871 1392 891 nummos
1402 870 1558 902 pascere,

911 911 975 944 lib.
993 911 1011 944 1
1024 935 1035 952 ‚
1053 910 1158 957 epist.
1177 910 1439 956 lii—Pagone
1451 913 1559 945 avidos

911 964 1033 997 sudare
1063 963 1212 997 deunce's.
1242 964 1294 997 Ut
1320 961 1559 999 nummorum

910 1024 1056 1049 tuorum
1080 1013 1217 1048 reditus
1236 1013 1502 1061 amplificetur,
1521 1022 1560 1050 et

911 1076 952 1101 ut
973 1067 1114 1106 nummi
1137 1067 1194 1102 tui
1214 1066 1381 1101 undenos
1405 1068 1470 1102 tibi
1489 1080 1560 1115 pro

910 1121 1068 1155 centenis
1095 1121 1260 1155 afferant.
1278 1141 1327 1147 -—
1343 1125 1484 1166 Per-gere
1505 1134 1560 1154 su-

911 1177 1013 1216 dare,
1027 1187 1096 1221 pro
1119 1177 1257 1214 sudare,
1271 1183 1314 1209 ut
1335 1174 1452 1209 facere
1469 1174 1561 1209 inci-

910 1240 998 1274 pere
1010 1253 1021 1269 ,
1037 1240 1106 1274 pro
1119 1228 1233 1262 facere
1242 1252 1252 1268 ,
1271 1235 1308 1262 et
1322 1227 1450 1269 similia
1465 1228 1561 1262 mut-

912 1289 961 1315 ta.
975 1283 1100 1315 Sudare
1109 1289 1231 1316 autem
1242 1283 1378 1314 deuncos
1390 1279 1483 1316 dixit
1491 1306 1503 1323 ,
1518 1289 1560 1316 ut

912 1343 1123 1382 opponeret·
1133 1334 1400 1380 quincuncibus
1419 1335 1535 1370 usuris
1546 1360 1559 1378 ,

913 1400 994 1435 qnae
1014 1388 1117 1422 nullo
1139 1387 1261 1422 labore
1283 1388 1557 1435 proveniebant.

912 1441 957 1475 In
976 1440 1104 1475 eodem
1120 1440 1196 1475 sere
1219 1452 1324 1475 sensu
1336 1466 1347 1482 ‚
1367 1441 1484 1475 nostri
1504 1440 1559 1475 di-

912 1503 1002 1528 cunt
1014 1507 1023 1527 z
1030 1495 1125 1538 faire
1137 1495 1302 1527 travailler
1311 1495 1458 1538 largent.
1469 1493 1560 1536 Qui-

910 1546 994 1581 dam
1022 1545 1239 1580 recentiores
1271 1545 1432 1592 interpp.
1463 1546 1560 1580 inter

910 1612 1002 1647 quos
1022 1603 1066 1632 Le
1082 1600 1233 1631 Monnier
1254 1606 1290 1633 et
1310 1601 1406 1638 Silis,
1426 1599 1560 1646 quihus

908 1654 985 1687 haec
1006 1664 1114 1686 usura
1134 1650 1210 1685 scil.
1235 1650 1468 1685 undenorum
1489 1664 1560 1698 pro

910 1705 1070 1740 centenis
1089 1702 1281 1737 mediocris
1301 1702 1420 1738 adhuc
1440 1712 1478 1738 et
1495 1704 1561 1738 ho-

910 1767 1008 1792 nesta
1022 1758 1141 1792 forsan
1154 1756 1227 1790 visa
1239 1763 1291 1789 est
1301 1780 1313 1798 ‚
1326 1768 1401 1802 prae
1413 1754 1559 1791 hodier—

906 1823 1040 1845 norum
1068 1811 1312 1844 feneratorum
1345 1809 1559 1856 rapacitate,

907 1876 986 1898 eam
1009 1863 1124 1897 multo
1148 1864 1321 1909 majorem
1339 1861 1417 1896 sine
1435 1870 1560 1897 aucto-

906 1908 1241 1959 ritate'finxerunu
1259 1923 1297 1950 et
1318 1915 1375 1950 ita»
1391 1914 1480 1950 'sunt
1501 1916 1558 1950 in-

908 1967 1095 2014 terpretati
1111 1991 1126 2009 ‚
1144 1966 1246 2013 quasi
1261 1996 1264 1998 .
1277 1969 1384 2013 poeta
1416 1966 1558 2000 intelle-

907 2021 1015 2055 xisset
1029 2019 1196 2058 undenos
1213 2031 1284 2066 pro
1303 2018 1482 2053 duodenis
1496 2031 1559 2053 an·

908 2074 975 2107 nui
998 2072 1161 2113 reditus,
1185 2084 1247 2106 seu
1274 2063 1387 2107 assess
1412 2071 1560 2118 dempta

907 2135 1047 2162 tantum
1055 2127 1161 2160 uncia
1169 2137 1238 2172 pro
1247 2137 1320 2159 asse
1333 2126 1469 2171 integra
1480 2149 1491 2166 ‚
1504 2133 1539 2159 et
1547 2149 1558 2166 ,

907 2180 953 2215 ad
961 2178 1331 2224 nostrum'morem‚93
1339 2179 1399 2214 liv.
1410 2191 1424 2212 1
1432 2179 1451 2212 3
1459 2190 1485 2211 s.
1493 2181 1514 2219 4
1524 2176 1563 2211 d.

254 2312 299 2343 V.
315 2310 390 2343 150.
402 2311 551 2354 Pergam
558 2311 667 2342 avidos
682 2311 800 2343 sudare
812 2311 959 2342 deunces.
971 2310 1060 2342 Edit.
1073 2317 1141 2342 vet.
1153 2309 1301 2341 Brioenu.
1316 2306 1411 2338 codd.
1424 2305 1558 2336 Thuan.

210 2365 366 2397 Maurin-
383 2371 416 2396 et
434 2372 498 2396 tres
517 2364 575 2396 alii
587 2373 775 2407 ‚peragant
790 2365 899 2396 avidos
913 2365 1029 2396 sudore
1045 2365 1183 2395 deunces
1191 2375 1206 2399 ,·
1226 2369 1258 2393 et
1275 2362 1535 2402 interpretantur
1548 2370 1557 2390 :

211 2424 250 2448 ut
259 2418 389 2450 nummi
402 2428 487 2460 quos
496 2441 506 2456 ,
519 2425 579 2449 etc.
593 2417 777 2460 peragant,
793 2425 968 2462 praestent,
980 2417 1161 2449 exhibeant
1174 2415 1309 2445 deunces
1321 2412 1448 2449 avidos,
1461 2413 1557 2444 inex·

212 2471 347 2512 plebiles
364 2478 396 2502 et
416 2482 548 2509 avaros,
560 2482 645 2513 quos
666 2471 802 2502 avaritia
824 2473 966 2502 nimium
987 2469 1191 2501 accumulari
1208 2468 1322 2508 cupis,
1335 2466 1474 2503 sudore,
1489 2476 1559 2497 em-

213 2523 366 2565 phatice,
380 2524 493 2556 labore
512 2531 573 2555 tuo
592 2531 625 2555 et
640 2525 801 2566 periculo.
815 2526 889 2555 Vct.
904 2524 1009 2555 schol.
1018 2528 1186 2564 peragant
1194 2519 1303 2552 avidos
1316 2519 1434 2551 sudare
1441 2531 1457 2556 ;
1472 2519 1558 2550 male

214 2577 363 2609 omnino-
372 2579 453 2610 cod.
466 2581 600 2610 Putean.
614 2580 761 2620 Pergam
771 2578 880 2608 avidos
895 2578 1010 2608 sudore
1019 2599 1030 2612 ‚
1046 2576 1130 2605 male
1142 2585 1278 2616 quoque
1289 2585 1299 2613 ;
1312 2584 1386 2606 nou
1392 2580 1560 2616 peragant

215 2628 309 2659 avt'do
324 2627 439 2661 sudore
455 2631 610 2668 deunces,
628 2637 667 2661 ut
683 2629 897 2662 Casanbonus
912 2629 1010 2659 refert
1026 2629 1064 2658 'm
1084 2627 1321 2674 commentario
1342 2636 1406 2658 suo
1421 2625 1463 2657 ad
1479 2627 1555 2657 Per-

217 2681 327 2718 sium,
349 2692 386 2722 p.
414 2684 480 2719 448
501 2694 509 2713 :
534 2684 601 2714 nisi
624 2690 734 2715 tamen
757 2683 837 2714 alter
863 2682 962 2712 fuerit
986 2680 1093 2712 codex
1114 2681 1281 2712 Puteanus
1302 2689 1370 2722 quo
1392 2689 1473 2711 usus
1496 2679 1555 2715 sit,

218 2733 309 2775 quod
322 2744 457 2776 prorsus
473 2735 600 2778 ignoro.
616 2736 684 2767 Alii
701 2735 796 2766 codd.
815 2741 853 2766 ut
872 2744 945 2765 nos.
