1846 3184
689 300 973 369 3SAT1RA
1015 324 1072 366 v,

1487 323 1569 367 133

286 414 397 456 Cium
413 420 506 453 ruta
525 407 737 468 posterior
751 421 919 459 cun-as,
934 415 978 448 et
994 405 1039 447 in
1057 417 1138 446 axe
1150 404 1358 446 secundo.

287 488 501 530 Libertate
517 499 627 543 opus
642 494 730 526 cst:
748 497 838 526 non
852 483 933 524 hac
943 514 956 534 ‚
974 491 1025 522 ut
1041 481 1223 538 quisque
1235 479 1414 527 Velina,

225 617 315 645 erat.
334 607 423 643 Ideo
439 615 584 642 notatus
604 605 664 640 hic
684 605 786 639 locus

226 662 340 709 tiquis
348 661 490 695 criticis.
499 658 755 702 Quintilianus,
764 657 824 690 lib.
835 657 867 689 1·

226 715 469 747 Bar-batismum
486 714 639 756 pluribus
662 712 764 743 modis
782 710 871 742 aeci-

222 769 353 811 pimu
373 779 473 799 unum
492 774 614 810 gente:
632 765 732 807 quale
751 764 780 795 si
800 763 872 805 quis

227 820 346 863 Afrum
355 821 416 852 vel
421 821 599 862 Hispanum
609 818 722 849 latinoe
730 816 874 848 orationi

228 885 344 916 nonme
360 874 493 905 inser-ae.
516 874 558 903 Ue
566 871 698 914 ferr-nam
714 881 779 912 quo
792 877 873 900 νοω

225 927 419 958 vna-ciuntur
434 949 445 963 ,
480 925 547 956 dici
578 924 660 955 solet
690 921 841 955 canthus
859 944 870 960 ,

227 990 420 1022 quanquam
440 989 478 1009 eo
500 986 607 1008 tamen
626 983 754 1017 recepto
774 975 874 1005 utitur

227 1033 363 1064 Persius.
381 1031 466 1063 Post
484 1029 588 1062 illum
608 1035 726 1061 tamen
749 1024 876 1060 eodem

229 1082 404 1116 vocabulo
446 1081 501 1115 usi
542 1088 628 1114 sunt
668 1078 840 1113 Martialis
862 1101 874 1118 ‚

227 1135 290 1168 lib.
303 1135 409 1175 XIV,
424 1134 518 1180 epig.
534 1133 619 1173 168,
630 1140 667 1166 et
680 1131 739 1164 alii
752 1138 874 1164 aucto-

230 1200 287 1222 res
298 1186 425 1221 mediae
438 1195 475 1221 et
483 1184 614 1220 infima
622 1183 816 1218 latinitatis.
829 1184 872 1217 A.

253 1262 258 1266 ·
278 1241 338 1287 73.
355 1243 519 1273 Libereaoe
538 1251 619 1283 opus
638 1239 707 1298 effa]
724 1237 793 1270 Hic
802 1237 875 1282 jam

228 1294 357 1340 incipit
373 1293 482 1340 primi
500 1301 537 1327 et
554 1290 729 1338 precipui
746 1290 876 1324 stoico·

227 1359 313 1381 rum
324 1344 497 1393 paradoxi
512 1344 700 1385 tractatio;
689 1342 849 1376 ·scilicet
860 1365 872 1382 ‚

230 1402 280 1434 ὅτι
306 1401 400 1446 μόνος
425 1402 442 1434 ὁ
470 1412 566 1445 σοφος
586 1398 754 1456 ἐλεύθεροςο·
782 1396 809 1429 οἱ
833 1392 873 1428 δὲ

229 1456 341 1498 φαῦλοι
367 1449 475 1486 δοῦλοι
497 1465 506 1484 :
532 1451 650 1485 solum
676 1449 874 1495 sapientem

230 1517 304 1539 esse
316 1505 472 1539 liberum
485 1530 497 1546 ,
512 1504 624 1537 malos
638 1514 726 1538 vero
738 1512 872 1535 servos.

230 1559 296 1592 Est
310 1567 432 1592 autem
449 1556 566 1593 aditus
581 1555 628 1590 ad
644 1556 736 1589 hanc
750 1553 875 1600 dispu-

229 1611 424 1652 tationem,
440 1622 519 1656 quae
544 1607 739 1643 secundam
761 1606 875 1640 satirae

230 1673 371 1711 partem
386 1662 656 1709 complectitur,
669 1668 704 1694 et
716 1671 875 1706 praeceps

230 1717 314 1752 satis
336 1725 373 1751 et
397 1717 598 1762 abruptus,
622 1714 727 1760 cujus
756 1720 874 1745 tamen

229 1769 343 1816 partis
363 1769 441 1802 hoec
467 1776 519 1801 cst
546 1779 632 1800 cum
656 1763 879 1811 praecedenti

231 1821 440 1863 connectio.
453 1828 646 1866 postquam
655 1830 719 1851 suo
727 1815 879 1863 proprio

231 1873 421 1919 exemplo,
442 1881 479 1906 et
506 1884 550 1906 ex
574 1870 763 1931 praeceptis
790 1869 880 1902 Cor-

232 1926 316 1960 nuti
340 1925 505 1959 fidissimi
530 1924 587 1957 sui
612 1922 718 1957 amici
732 1947 744 1963 ,
766 1929 802 1956 et
825 1933 879 1955 sa-

233 1978 449 2026 pientissimi
462 1977 621 2024 magistri
632 1978 781 2023 juvenes
794 1975 880 2008 hor-

237 2041 335 2067 tatus
350 2039 405 2066 ωε
421 2030 467 2065 ad
485 2029 604 2064 studia
620 2028 879 2076 pbilosopbi23

233 2089 424 2133 postquam
432 2083 591 2128 ostendit
599 2090 777 2129 quantum
785 2080 882 2115 dam-

235 2139 275 2173 ni
286 2139 414 2173 afferat
422 2138 480 2172 vel
489 2137 597 2171 unius
605 2135 678 2170 diei
689 2147 789 2168 mora
798 2148 810 2177 ς
820 2145 880 2167 eos

232 2200 395 2239 paratos,
410 2203 477 2238 per
495 2189 700 2238 hypotesim
722 2199 854 2233 nempe
866 2211 878 2229 ,

234 2244 423 2280 inveniens
431 2268 444 2286 ,
456 2242 558 2277 addit
569 2255 579 2275 ε
593 2250 629 2276 at
641 2240 806 2288 quisquis
818 2252 856 2273 es
866 2264 877 2280 ,

234 2297 300 2344 qui
318 2296 365 2331 ad
386 2297 485 2331 hunc
511 2305 583 2330 tam
605 2295 799 2329 honestum
821 2293 878 2326 in-

232 2358 394 2396 coeptum
416 2349 598 2395 accingere
621 2355 657 2381 te
678 2345 879 2387 desideras,

235 2403 301 2436 tibi
317 2404 465 2435 libertate
485 2414 564 2444 opus
584 2410 638 2433 est.
659 2398 752 2432 Inde
770 2399 881 2431 liber-

236 2455 317 2488 tatis
321 2454 436 2488 civilis
442 2462 526 2488 cuni
532 2453 695 2487 libertate
702 2452 822 2497 sapien
827 2451 881 2489 tis,

239 2519 347 2553 quam
363 2508 474 2541 solam
494 2514 530 2540 et
549 2506 740 2552 genuinam
756 2514 881 2548 agnos·

807 616 868 638 an-
922 610 1012 636 cunt
1037 601 1158 643 stoici,
1176 600 1358 645 subtiliter
1377 607 1413 634 et
1431 599 1574 647 elegan-

923 656 1057 690 tissime
1083 654 1204 689 habita
1231 653 1439 694 distinctim
1461 654 1572 687 servi-

924 710 1010 744 tutis
1025 709 1086 742 cui
1103 707 1279 742 obnoxius
1294 716 1347 741 est
1359 706 1571 745 ambitioni,

922 762 1047 799 avariti
1155 760 1356 807 luptatibus
1364 768 1400 793 et
1411 759 1574 793 mollitiei

923 815 1069 849 deditus
1132 825 1216 847 omo
1255 813 1383 847 eximia
1419 819 1456 846 et
1489 820 1574 857 apta
1613 807 1619 815 '

924 867 1120 914 descriptio
1133 880 1143 900 ι
1162 865 1262 900 unde
1286 864 1494 906 concludit,
1514 864 1574 898 vel

924 921 1051 955 lectori
1063 918 1308 965 colligendum
1320 918 1449 957 offert,
1461 916 1576 951 nemi·

924 987 1009 1008 nem
1018 973 1173 1007 liberum
1183 972 1251 1005 nisi
1261 971 1476 1017 sapientem3
1486 969 1576 1003 stul·

929 1036 1009 1061 tum
1032 1034 1154 1059 autem
1176 1032 1213 1058 et
1234 1022 1454 1070 improbum
1467 1023 1575 1066 (nam

928 1078 965 1112 in
980 1086 1102 1112 mente
1119 1076 1316 1110 stoicorum
1331 1074 1463 1111 stultus
1478 1073 1575 1107 idem

926 1145 966 1166 ac
994 1130 1181 1177 improbus
1202 1153 1214 1169 ,
1239 1129 1379 1174 sapiens
1409 1127 1507 1161 idem
1532 1138 1576 1160 ac

926 1184 983 1218 vir
999 1184 1137 1225 bonus;
1150 1180 1235 1215 vide
1253 1181 1464 1214 Ciceronem
1475 1205 1487 1219 ,
1506 1178 1574 1212 Pa·

926 1236 1048 1271 radox.
1066 1236 1114 1277 V,
1134 1235 1258 1268 Horat.
1277 1234 1340 1267 lib.
1360 1234 1400 1267 11
1412 1258 1424 1275 ‚
1438 1242 1505 1267 sat.
1527 1232 1575 1276 3)

928 1302 1003 1324 esse
1027 1289 1084 1323 vel
1108 1289 1146 1322 in
1171 1299 1279 1321 sensu
1303 1286 1480 1320 latissimo
1501 1297 1575 1319 ser-

926 1354 1033 1382 vum,
1056 1340 1212 1386 ideoque
1228 1340 1274 1373 ab
1297 1338 1400 1373 aditu
1415 1338 1576 1384 philoso-

925 1395 1020 1442 phiae
1033 1394 1164 1427 merito
1175 1391 1393 1432 arcendum,
1407 1390 1525 1425 donec
1538 1402 1577 1424 se

926 1446 1165 1483 vindicaverit
1178 1447 1216 1480 in
1233 1446 1436 1479 libertatem
1445 1469 1456 1485 ‚
1469 1443 1577 1477 vitio-

925 1513 1084 1547 rumque
1109 1513 1129 1534 a
1157 1499 1331 1534 servitute
1358 1510 1396 1532 se
1425 1497 1578 1531 omnino

927 1555 1100 1590 exemerit
1115 1579 1127 1596 ,
1151 1566 1231 1600 quae
1258 1552 1427 1599 purgatio
1454 1562 1579 1584 neces-

927 1608 1014 1641 saria
1023 1618 1173 1653 prorsus
1179 1613 1244 1646 cst,
1251 1606 1307 1651 pri
1312 1615 1465 1650 usquam
1474 1614 1579 1636 ειη-ω

952 1663 1007 1694 'us
1024 1661 1129 1705 fruge
1145 1658 1338 1692 Cleanthea
1355 1657 1575 1690 inserantur.

981 1715 1055 1745 Non
1074 1712 1137 1744 ha‘c
1155 1720 1207 1750 ut,
1224 1720 1286 1743 etc.
1307 1710 1412 1743 Verae
1432 1708 1579 1742 liberta-

932 1763 1170 1798 tis-definitio.
1184 1763 1304 1809 Hujus
1318 1760 1579 1807 propositionis

931 1815 1230 1851 commentarium
1243 1813 1346 1848 dedit
1359 1812 1516 1846 Ten-tull.
1532 1811 1579 1845 de

931 1871 1138 1904 Remu-eet.
1166 1866 1328 1901 libertate
1352 1877 1435 1909 opus
1463 1874 1512 1897 est
1533 1866 1583 1897 ad

932 1925 1087 1956 virtutem
1098 1946 1112 1961 ‚
1135 1921 1245 1964 inquit
1270 1920 1421 1956 Persius,
1445 1930 1512 1950 non
1537 1916 1579 1949 ed

933 1975 1003 2019 qud
1012 1976 1094 2007 sem·
1106 1975 1290 2010 donantur,
1306 1980 1340 2003 ee
1351 1972 1581 2003 adscribuntur

933 2031 994 2062 um’
1008 2030 1171 2068 ιη’ὂιιιιηι,
1181 2034 1267 2069 puta
1284 2025 1472 2056 Velinae.—
1484 2024 1580 2065 Quis-

933 2095 998 2126 que
1027 2080 1151 2114 Velina.
1172 2080 1256 2112 Vet-
1275 2077 1388 2111 schol.
1418 2092 1433 2105 ι
1449 2075 1580 2108 Velina

936 2134 1081 2168 «trihus
1092 2143 1246 2166 numero
1254 2129 1405 2163 aliarum
1414 2127 1577 2161 accessit·

934 2205 950 2218 ι
962 2195 998 2221 et
1012 2187 1078 2233 qui
1091 2186 1183 2219 circa
1192 2183 1366 2217 Velinum
1382 2181 1501 2214 lacum
1517 2180 1580 2212 ha-

934 2255 949 2268 ·
963 2238 1140 2276 hiabant,
1150 2236 1299 2268 Romam
1311 2229 1470 2264 translati
1482 2237 1579 2263 sunt·

934 2308 949 2321 ·
964 2291 1085 2324 Romae
1098 2295 1218 2322 autem
1236 2293 1311 2318 erat
1329 2280 1579 2320 consuetudo,

936 2361 951 2374 ι
966 2352 1010 2378 ut
1028 2342 1093 2388 qui
1116 2353 1162 2374 ex
1182 2335 1461 2372 manumissione
1482 2334 1580 2368 cives

936 2414 951 2426 ι
966 2394 1117 2429 Romani
1145 2389 1396 2425 efficiebantur
1412 2412 1424 2429 ,
1446 2387 1485 2420 in
1509 2399 1580 2420 nu-

937 2466 951 2478 .
968 2459 1066 2481 mero
1084 2445 1220 2479 civium
1238 2442 1485 2475 Romanorum-
1499 2440 1579 2473 fru-

937 2517 951 2529 -
967 2506 1128 2532 mentum
1143 2492 1576 2542 publicumaccipereut-

283 2619 326 2647 V.
343 2619 396 2656 73.
411 2618 483 2648 Non
500 2615 583 2653 hac,
598 2623 634 2646 ut
647 2614 783 2656 quisque
805 2611 927 2642 Velina.
947 2611 995 2640 Ita
1015 2607 1132 2650 optimi
1155 2613 1188 2637 et
1205 2604 1419 2636 vetustissimi
1436 2603 1577 2635 codices.

239 2669 357 2700 Noster
375 2669 490 2707 habet,
504 2681 570 2700 non
588 2666 668 2705 Ιιᾶο,
686 2664 775 2708 qud,
791 2672 849 2695 etc.
867 2665 917 2694 Ita
938 2661 1068 2692 Pithoei
1086 2659 1158 2691 cod..
1177 2661 1286 2697 8072,
1300 2664 1333 2688 et
1347 2658 1451 2698 8273.
1469 2656 1576 2690 Codd.

244 2720 332 2751 8050
343 2742 353 2759 ,
368 2720 457 2758 8246
467 2743 477 2759 ,
496 2721 584 2761 8293
596 2742 606 2759 ,
618 2730 683 2751 non
697 2715 761 2749 lade
773 2715 872 2758 qudm
881 2737 893 2753 ,
910 2721 971 2745 etc.
982 2715 1030 2745 At
1041 2711 1106 2743 vid.
1120 2709 1401 2743 commentarium.
