1846 3184
285 308 370 352 258
544 310 591 351 C.
625 308 887 352 LUCILII
920 307 1344 355 FRAGMENTA

337 394 436 430 Cum
456 391 576 443 bulga
594 401 720 430 coenat
732 422 742 439 ‚
760 393 905 431 dormit
916 385 934 439 ‚⁷
944 393 1059 431 lavit:
1079 395 1203 432 omnis
1222 396 1262 432 in
1278 409 1357 432 una

330 460 432 509 vSpes
448 457 618 496 hominis
632 458 769 509 bulga,
787 458 860 495 hac
878 458 1055 497 devincta
1072 468 1130 497 est
1147 468 1282 498 caetera
1296 459 1387 499 vita.

320 511 323 514 ’
922 525 942 559 1
954 525 985 560 1.

332 591 461 634 Quem
479 601 607 638 neque
622 587 788 624 Lucanis
807 587 963 624 oriundi
982 588 1174 626 montibu’
1194 589 1293 627 tauri

331 654 484 690 Ducere
500 651 652 702 protelo
671 650 808 688 validis
825 651 1031 688 cervicibu’
1050 661 1221 702 possent.

899 717 919 752 I
933 717 951 751 Ι
963 718 993 752 Ι.

333 782 407 819 Ilic
421 811 430 827 ‚
451 782 612 831 inquam
624 809 634 826 ‚
654 779 770 818 rudet
788 794 808 818 e
827 780 962 817 rostris
978 789 1095 831 atque
1112 781 1274 830 ejulabit

333 849 576 884 Concursans
595 844 655 882 uti
675 845 891 890 arenarius,
911 844 1092 895 clareque
1107 846 1308 896 quiritans.

909 911 927 945 I
939 911 987 946 V.

339 1002 772 1012 .................
799 977 960 1011 Peccare
979 974 1140 1025 impune
1157 975 1231 1012 rati
1248 983 1340 1012 sunt

328 1043 444 1078 Posse
455 1069 465 1085 ,
482 1048 522 1077 et
539 1039 742 1077 nobilitate
760 1039 864 1076 facul
883 1039 1102 1090 propellere
1120 1040 1289 1091 iniquos.

925 1107 972 1141 V.

337 1196 664 1205 .............
687 1167 990 1215 Thaunomeno‚
1008 1168 1136 1220 inquit
1146 1198 1156 1216 ,
1172 1169 1281 1206 valva
1297 1182 1469 1207 sororem

327 1234 538 1272 Lanificam
558 1233 636 1271 dici
657 1234 799 1271 siccam
816 1242 933 1285 atque
951 1234 1178 1272 abstemiam
1193 1235 1263 1272 ubi
1277 1234 1401 1273 audit.

914 1301 949 1334 V
960 1300 991 1335 Ι.

336 1390 717 1399 ...............
740 1363 780 1401 Si
797 1362 860 1400 hic
875 1363 1103 1400 vestimenta
1120 1363 1236 1401 elevit
1253 1363 1360 1410 luto,

329 1428 391 1465 Ah
411 1441 457 1465 eo
477 1427 599 1464 risum
615 1440 800 1478 magnum
819 1427 869 1465 ad
888 1427 1122 1465 cachinnum
1138 1428 1367 1480 imprudens
1383 1428 1552 1481 subjicis.

894 1495 929 1529 V
940 1494 958 1528 I
974 1494 1003 1528 Ι.

337 1583 691 1593 ..............
714 1558 793 1603 Qui
813 1564 851 1593 te
870 1556 989 1593 bonu’
1006 1556 1186 1606 Juppiter
1197 1585 1207 1602 ‚
1226 1556 1356 1608 inquit

326 1623 461 1658 Crasso
481 1620 653 1658 Mutium
671 1618 761 1657 cum
782 1620 957 1658 coenabat
977 1620 1183 1658 dominum
1201 1621 1354 1663 fortem.
1379 1654 1382 1660 Δ

881 1687 916 1719 V
927 1687 945 1722 I
957 1687 976 1722 I
989 1687 1021 1723 I.

326 1729 474 1787 Verurii
493 1757 531 1787 et
547 1757 772 1788 mercaturae
789 1762 923 1788 omnes
938 1779 948 1797 ‚
970 1758 1009 1787 et
1027 1749 1248 1801 quaesticuli
1266 1750 1376 1788 insti-

327 1816 433 1852 Tuti.

910 1881 928 1916 I
941 1881 991 1916 X.

326 1944 510 1995 Nequitia
528 1953 694 1995 occupat
712 1957 756 1981 os
768 1974 778 1991 ‚
797 1944 1007 1995 petulantia
1019 1972 1029 1990 ‚
1049 1943 1352 1996 prodigitasque.

925 2012 976 2047 X.

328 2075 370 2113 Si
387 2074 510 2120 nosti,
527 2086 608 2111 non
626 2086 790 2124 magnus
806 2073 926 2111 homo
948 2082 1022 2120 est,
1040 2075 1208 2121 nasutu’,
1225 2073 1425 2112 macellus.

277 2215 403 2254 omnis,
417 2226 518 2257 quam
539 2222 572 2246 et
593 2225 779 2245 crumenam
800 2220 926 2245 veteres

277 2269 504 2312 appellarunt:
519 2276 552 2299 et
569 2275 618 2299 est
631 2268 783 2299 sacculus
797 2267 839 2298 ad
852 2266 927 2297 bra-

279 2324 395 2354 chium
413 2322 573 2365 pendcns.
746 2319 748 2321 ’

328 2387 360 2407 2.
375 2377 526 2407 Nonius:
540 2375 707 2407 Protelare
713 2398 725 2413 ,
739 2386 854 2406 rursus
866 2374 927 2405 ad-

274 2432 405 2474 juvare.

329 2485 360 2515 3.
369 2484 502 2524 Nonius
511 2495 518 2514 z
530 2481 710 2524 Quiritare,
722 2489 771 2514 est
779 2482 929 2520 clamare,

281 2544 421 2567 tractum
430 2536 471 2567 ab
481 2537 530 2574 iis,
539 2536 599 2578 qui
607 2536 754 2576 Quirites
763 2535 930 2567 invocant.

331 2596 362 2625 4.
380 2591 512 2621 Nonius
528 2602 535 2621 :
558 2590 682 2627 Facul,
700 2601 762 2632 pro
782 2590 930 2622 faciliter.

333 2642 365 2671 5.
385 2644 536 2675 Nonius:
553 2642 754 2682 Abstemius,
772 2643 833 2686 qni
850 2643 930 2676 vino

282 2692 434 2726 abstinet.

1027 2215 1058 2244 6.
1078 2215 1231 2245 Nonius:
1248 2215 1368 2253 Elevic,
1388 2216 1573 2247 maculavit.

1029 2278 1059 2306 7.
1077 2268 1207 2298 Nonius
1224 2279 1231 2298 τ
1252 2269 1409 2299 Dominus
1427 2280 1545 2300 rursus
1563 2280 1626 2311 ap·

979 2320 1122 2363 pellatur
1134 2321 1276 2351 convivii
1293 2321 1472 2352 exhibitor.

1029 2374 1060 2404 8.
1082 2374 1214 2405 Nonius
1233 2384 1240 2404 :
1265 2374 1452 2404 Mercatura
1474 2374 1627 2406 feminini

980 2427 1108 2471 generis
1123 2426 1275 2458 habetur.

1029 2493 1062 2523 9.
1075 2481 1204 2514 Nom‘us
1215 2492 1223 2512 :
1236 2479 1436 2523 Prodigitas,
1450 2481 1537 2512 dicta
1548 2492 1628 2524 pro-

982 2535 1081 2566 fusio.

1034 2599 1089 2621 ιο.
1124 2587 1255 2620 Nonius
1279 2599 1287 2618 ε
1319 2583 1491 2618 Macellum
1509 2609 1521 2624 ,
1554 2586 1628 2618 dic—

983 2649 1055 2673 tum
1069 2652 1131 2686 pro
1146 2641 1356 2673 macilentum
1368 2664 1378 2683 ‚
1391 2639 1538 2672 Lucilius
1549 2650 1630 2683 pro-

983 2695 1050 2727 bat.
