1846 3184
648 423 966 482 SATIRA
1007 425 1053 481 I.

658 579 731 608 DE
758 576 1031 609 VATIBUS.

382 711 730 764 PERSIUS,
763 710 1306 753 ADVERSARIUS.

692 864 971 892 PBRSIUS.

249 921 326 1000 Ο
342 969 476 997 cums
489 954 740 997 hominum!
757 954 785 996 ὁ
800 964 1009 1012 quantum
1024 965 1087 996 eet
1101 955 1147 997 iu
1162 955 1289 998 rebus
1307 955 1434 998 inane
1447 958 1514 998 !....

246 1121 354 1175 Quis
374 1122 485 1180 leget
506 1120 627 1164 haec?

632 1055 1064 1083 ADVERSAnlus.

697 1211 971 1239 rnn51us.

620 1286 728 1329 Min'
742 1297 790 1328 tu
803 1287 917 1329 istud
930 1286 1017 1329 ais?

633 1393 1076 1421 AnvnusAnlus.

187 1649 191 1653 ,
236 1625 271 1648 ι.
288 1616 421 1647 neuras
432 1613 595 1646 hamum
604 1613 681 1656 !...]
693 1610 820 1645 Satiras

187 1678 409 1715 aggressurus
422 1691 434 1708 ,
454 1670 558 1712 poeta
582 1666 651 1699 hoc
674 1663 821 1698 exordio

187 1721 314 1767 incipit
329 1720 480 1766 abrupto
491 1743 503 1759 ‚
522 1726 558 1753 et
577 1717 745 1764 gravitate
764 1730 820 1751 re-

187 1773 299 1814 ferto,
318 1785 391 1820 qno
415 1772 517 1822 fingit
542 1784 579 1805 se
600 1770 760 1805 defixum
784 1771 822 1803 in

188 1826 482 1872 contemplatione
489 1837 610 1859 rerum
621 1823 745 1857 mundi
757 1823 824 1857 hu-

184 1879 254 1923 jus,
263 1889 459 1924 eorumque
470 1877 631 1911 omnium
644 1888 722 1922 quae
732 1887 826 1918 mor-

189 1930 274 1964 tales
281 1938 407 1976 agunt,
418 1941 526 1975 seque
533 1954 543 1968 ‚
551 1929 626 1962 haec
634 1928 825 1974 phisquam

188 1994 278 2016 vana
288 1994 361 2016 esse
369 1984 453 2015 cum
459 1970 772 2022 animadvertisset,
778 1980 825 2015 de

187 2034 350 2069 futilibus
365 2035 552 2068 hominum
572 2034 666 2068 curis
684 2034 824 2068 satiram

186 2087 341 2121 scribeoe
358 2087 558 2121 instituisse.
581 2086 711 2120 Similis
728 2085 823 2133 apud

185 2139 315 2174 Juven.
328 2140 426 2174 locus
436 2165 448 2183 ,
462 2140 645 2173 satirarum
656 2139 758 2173 initio
773 2152 782 2172 ε

188 2206 349 2247 Quidquid
365 2214 460 2247 agunt
480 2207 632 2244 homines,
644 2214 750 2238 votnm
759 2231 769 2244 ‚
783 2208 821 2238 ti-

268 2264 338 2283 mor
345 2277 355 2290 ,
370 2255 432 2289 ira,
447 2254 588 2294 voluptas
596 2277 607 2290 ,

189 2300 326 2336 Gaudia,
339 2301 507 2338 discamus,
520 2302 619 2331 nostri
636 2308 685 2331 est
701 2302 823 2344 farrago

188 2407 317 2443 Similis
326 2422 471 2456 quoque
480 2410 576 2457 apud
586 2411 820 2445 Salomonem:

192 2461 324 2494 Vaaeieas
339 2464 523 2494 vanitatum
532 2487 543 2503 ,
553 2473 587 2495 et
601 2466 710 2496 omnia
720 2466 829 2496 vani?

131 2535 135 2537 -
189 2513 449 2548 eas-Vixversus
458 2516 522 2549 iste
532 2515 727 2561 emphatice
736 2529 820 2562 pro-

191 2565 399 2608 nunciatur,
416 2569 499 2601 cum
516 2580 562 2602 ex
578 2568 725 2602 adverso
743 2582 820 2602 sur·

194 2614 245 2659 git
256 2619 373 2652 nescio
386 2620 464 2665 quis
476 2621 530 2653 sui
544 2621 660 2654 saeculi
668 2647 679 2663 ,
693 2630 771 2654 tum
783 2621 821 2654 in

195 2667 309 2711 factis,
319 2677 395 2704 tum
407 2672 443 2705 in
455 2673 603 2719 scriptis,
613 2674 821 2720 corruptelae

999 1471 1160 1525 Nemo,
1176 1471 1372 1516 Hercule.

870 1608 1020 1645 stolidus
1031 1609 1234 1653 admirator,
1244 1611 1309 1658 qui
1318 1612 1515 1660 incaeptum

872 1663 918 1698 de
943 1665 1095 1699 vanitate
1123 1677 1246 1699 rerum
1276 1666 1514 1701 humanarum

872 1729 1070 1751 sermonem
1079 1717 1260 1764 intercipit
1271 1742 1283 1759 ,
1294 1717 1433 1752 dicens:
1444 1722 1518 1762 quis

874 1771 958 1813 leget
973 1771 1043 1802 lua-e
1055 1775 1074 1801 ,θ
1094 1768 1185 1803 Inde
1197 1794 1209 1810 ‚
1228 1782 1248 1803 a
1269 1770 1516 1817 philosophica

876 1822 1172 1868 contemplatione
1182 1848 1193 1864 ‚
1210 1831 1246 1857 et
1270 1823 1449 1866 moribus,
1470 1824 1515 1859 ad

876 1875 984 1908 malos
993 1878 1129 1921 poetas,
1141 1883 1177 1909 et
1187 1874 1233 1908 ad
1240 1887 1367 1909 eorum
1375 1875 1516 1922 ineptos

876 1936 1062 1962 sectatores
1084 1927 1261 1962 delabitur
1285 1940 1401 1962 sermo
1412 1953 1424 1970 ‚
1450 1930 1517 1976 qui

875 1989 973 2015 totus
986 1979 1177 2028 ὃιαλογαῦς
1191 1981 1365 2029 legendus
1379 1990 1443 2017 ent.
1455 1984 1516 2016 In-

874 2040 1046 2079 tex-preto
1076 2034 1242 2080 plerique
1275 2034 1374 2068 hunc
1402 2034 1516 2069 Persii

875 2086 1028 2120 amicum
1037 2111 1050 2128 ,
1061 2099 1126 2121 seu
1139 2087 1352 2121 monitorem
1364 2087 1491 2121 volunt
1502 2099 1517 2128 ;

874 2150 940 2184 ego
955 2150 1063 2178 vero,
1087 2147 1123 2173 et
1147 2134 1335 2173 morosum
1352 2138 1515 2173 adversa-

871 2191 969 2226 rium
980 2217 992 2233 ‚
1006 2200 1043 2226 et
1058 2191 1252 2226 ridiculum
1271 2204 1391 2226 senem
1410 2191 1515 2225 intel-

870 2244 956 2290 ligo.
971 2245 1089 2278 Meam
1102 2245 1308 2279 sententiam
1320 2243 1449 2289 dialogi
1461 2255 1515 2277 se·

873 2297 944 2330 ries
957 2304 992 2330 et
1004 2296 1093 2330 ordo
1107 2296 1351 2343 comprobant.
1372 2294 1411 2327 C.
1421 2302 1456 2328 et
1468 2295 1511 2328 A.

923 2371 952 2391 2.
973 2360 1056 2391 Min'
1071 2369 1107 2391 tu
1125 2361 1212 2391 istud
1228 2359 1321 2401 ais?]
1339 2357 1517 2392 Dicuntur

872 2411 949 2446 haec
961 2425 981 2446 a
994 2412 1117 2445 Persio
1127 2437 1138 2452 ,
1152 2412 1199 2444 ob
1215 2422 1338 2444 vocem
1359 2411 1517 2456 repenti-

874 2477 956 2498 nam
982 2465 1130 2498 attonito
1164 2465 1240 2509 ejus
1252 2488 1264 2505 ‚
1291 2475 1400 2509 quem
1433 2475 1516 2498 nes-

875 2517 988 2550 ciebat
1000 2516 1119 2550 adesse
1130 2541 1141 2557 ,
1156 2516 1268 2549 autin
1286 2515 1514 2552 meditatione

872 2576 968 2601 totus
992 2580 1063 2601 non
1090 2568 1273 2614 cogitabat.
1294 2567 1338 2601 C.
1355 2566 1514 2602 -Nea'no

872 2621 1165 2654 HercuIeRomani
1169 2621 1335 2667 jurabant
1338 2633 1405 2667 per
1410 2621 1515 2661 Deos,

874 2673 948 2707 scil.
970 2686 1035 2720 per
1057 2674 1203 2717 Jovem,
1220 2673 1429 2717 Herculem,
1443 2682 1513 2709 etc.
