1898 3216
645 296 699 335 A.
731 291 961 334 PEnsn
994 291 1248 334 FLACCI.
1508 295 1609 352 xxiij

583 391 705 435 vm.
733 390 988 434 comeranus
1009 390 1085 432 JV
1103 390 1287 448 (6487).

313 512 653 559 membranaceus,
672 513 714 551 in
737 512 808 551 fol.
827 512 955 551 Habet
976 511 1147 559 librum,
1166 512 1231 550 cui
1255 511 1416 558 titulus,
1436 514 1611 550 Brevilo-

262 578 394 628 quium
410 579 459 614 de
478 578 678 615 virtutibus
698 579 943 627 antiquorum
956 578 1184 627 principum
1199 577 1294 614 XIV
1313 589 1398 614 saec.
1414 579 1468 613 Μ.
1485 578 1608 614 Servii

259 641 449 681 Honorati
465 649 666 694 gmmmat.
686 642 959 680 centimetrum
970 669 981 686 ,
1001 640 1052 678 ad
1067 639 1257 678 Albinum
1270 668 1282 686 ‚
1300 639 1499 678 undecimi
1518 653 1605 677 saec.

257 705 378 744 Persii
391 705 546 743 satiram
561 705 726 756 primam
744 717 837 748 cum
853 704 934 743 vita
953 703 1130 756 ejusdem
1146 716 1233 742 saec.
1250 705 1308 742 XI
1319 733 1331 751 ,
1348 712 1390 742 et
1403 703 1607 756 Apollonii

258 769 366 822 Tyrii
383 777 488 822 gesta
502 797 514 816 ,
533 771 629 808 XIV
647 768 792 807 saeculi.

402 886 480 930 IX.
498 885 652 929 Codex
682 887 924 939 Thuaneus,
936 896 1041 944 post
1071 884 1249 928 colbert.
1273 885 1457 943 (7984).

305 997 407 1037 Vide
427 997 645 1037 Elenchum
663 997 780 1036 codd.
798 997 994 1035 Juvenalis
1008 1026 1019 1044 ‚
1038 999 1085 1034 T.
1103 999 1142 1035 11
1157 1026 1168 1044 ‚
1186 1011 1226 1049 p.
1247 997 1294 1046 37
1312 1004 1453 1036 nostrae
1466 996 1563 1035 edit.

673 1115 731 1155 X.
771 1113 940 1168 Codex,
968 1114 1022 1155 n⁰
1045 1113 1172 1171 6098.

306 1223 542 1263 chartaceus
560 1226 603 1263 in
622 1226 661 1270 4⁰
678 1225 775 1263 min.
796 1233 976 1263 constans
1006 1238 1079 1275 179
1106 1225 1222 1263 foliis.
1241 1225 1409 1263 Videtur
1422 1232 1602 1263 exaratus

254 1295 419 1328 exeunte
438 1291 532 1328 XIV
546 1289 690 1328 saecnlo
703 1317 715 1335 ,
734 1289 796 1327 vel
816 1290 975 1327 ineunte
994 1292 1084 1327 XV.
1098 1290 1271 1327 Sallustii
1287 1303 1378 1341 qnae
1394 1299 1603 1341 supersunt

252 1354 383 1393 omnia
417 1353 536 1392 refert
568 1366 661 1391 cum
698 1353 921 1405 fragmentis
941 1381 953 1399 ,
989 1354 1140 1391 Horatii
1179 1353 1308 1392 Flacci
1345 1354 1601 1406 epistolarum

250 1418 373 1456 libros
386 1419 427 1455 11
439 1446 452 1464 ,
470 1430 562 1455 cum
579 1416 737 1456 scholiis
747 1445 759 1463 ,
775 1426 815 1455 et
832 1418 951 1455 Persii
976 1418 1110 1456 satiras
1126 1431 1219 1456 cum
1236 1418 1404 1457 scholiis.
1424 1420 1544 1456 Recte
1559 1426 1601 1456 et

249 1490 426 1521 accurate
443 1482 624 1520 scribitur
648 1481 721 1520 iste
744 1482 832 1520 cod.
858 1482 1089 1521 Inscribitnr
1107 1492 1166 1522 est
1188 1486 1237 1522 D.
1259 1485 1311 1522 D.
1330 1485 1533 1531 NoaiHes,
1555 1483 1598 1522 in

250 1546 426 1599 catalogo
442 1546 632 1598 impresso
649 1559 741 1584 mss.
759 1546 970 1599 regiorum.

498 1663 578 1706 XI.
611 1662 759 1706 Codex
779 1664 934 1722 absque
962 1666 1128 1706 nomine
1152 1663 1336 1722 (8050).

298 1774 620 1813 Membranaceus
644 1775 685 1813 in
708 1772 779 1814 foi.
801 1784 981 1814 constans
1010 1775 1058 1814 18
1086 1775 1213 1823 foliis,
1232 1784 1410 1814 accurate
1428 1775 1596 1828 scriptus

247 1845 288 1876 et
298 1839 544 1885 emendatus,
564 1852 655 1877 cum
674 1839 833 1878 scholiis
849 1840 1106 1887 brevissimis,
1125 1849 1211 1879 tum
1230 1841 1490 1893 marginibus,
1510 1849 1596 1878 tum

246 1901 348 1940 inter
360 1902 482 1941 lineas
495 1904 691 1955 appositis.
707 1903 873 1942 Nullum
887 1904 995 1942 aliud
1012 1917 1112 1956 opus
1130 1904 1310 1953 exhibet,
1325 1914 1465 1958 praeter
1473 1905 1595 1944 Persii

246 1966 368 2005 nostri
382 1967 525 2006 satiras.
541 1969 632 2007 Haec
649 1981 767 2020 porro
781 1969 831 2007 ad
844 1969 991 2008 calcem
1006 1969 1214 2021 leguntur:

386 2081 457 2129 est
486 2082 578 2130 fflu
606 2084 727 2131 ohm
750 2084 868 2132 elan
883 2123 898 2145 ‚
925 2084 995 2133 est
1018 2085 1176 2152 patrls
1190 2104 1291 2134 lam
1311 2085 1448 2135 clam.

246 2221 289 2250 nt
299 2213 345 2250 ab
354 2214 454 2250 omni
462 2215 570 2263 culpa
578 2216 703 2264 expiet
710 2228 775 2264 ego
781 2217 895 2266 serip-

339 2276 398 2303 tor
406 2293 419 2310 ‚
1027 2280 1070 2307 ut
1087 2271 1199 2307 habui
1217 2285 1237 2307 a
1255 2272 1411 2320 quodam
1421 2298 1432 2315 ‚
1450 2281 1539 2306 tuus

246 2318 340 2355 scito
347 2320 627 2368 meseriptorem
635 2321 747 2358 fuisse
755 2324 804 2358 ob
811 2335 895 2371 pos-
1033 2326 1172 2359 amicus
1185 2325 1446 2360 flanceschinus
1458 2324 1503 2358 de

338 2386 376 2408 se
387 2386 522 2409 meum.
995 2378 1132 2412 albiciis
1145 2379 1253 2413 habet
1264 2379 1375 2412 alium
1388 2378 1570 2424 persium,

245 2425 308 2461 sed
320 2427 406 2474 qnia
415 2440 490 2462 non
502 2441 615 2476 pauoe
626 2429 820 2465 difficultas
831 2444 891 2466 me
942 2439 978 2466 et
991 2431 1073 2466 ideo
1093 2432 1123 2465 si
1140 2431 1337 2476 ambigeres
1345 2456 1357 2472 ‚
1371 2431 1493 2477 ipsum
1509 2439 1596 2480 pete

302 2482 489 2527 superabat
498 2507 510 2524 ,
529 2484 777 2530 quampluries
796 2497 855 2519 me
1106 2483 1154 2519 ad
1175 2483 1442 2531 corrigendum.

306 2533 483 2579 pictorem
494 2535 605 2571 fuisse
618 2537 818 2572 manifesto.

528 2654 644 2703 1321
673 2647 790 2704 Hifis
818 2655 1013 2722 septimi
1039 2657 1101 2704 ab
1125 2658 1300 2706 imbre.
