1846 3184
680 307 946 351 SATIsRA'
987 306 1094 349 111.

283 392 519 451 Purpureas
539 389 687 431 subter
709 389 892 431 cervices
916 388 1090 439 terruit,
1108 387 1244 439 imus,

282 469 399 510 Imus
415 466 670 525 praecipites!
693 467 822 523 quam
844 465 880 506 si
901 464 985 506 sibi
1007 463 1144 516 dicat3
1161 473 1204 505 et
1223 463 1340 505 intus

284 543 440 585 Palleat
458 542 606 584 infelix
619 573 633 594 ,
652 541 770 599 quod
794 541 987 599 proxima
1011 539 1167 582 nesciat
1188 553 1298 580 uxor
1311 538 1331 578 Ρ

246 633 252 637 ’
283 618 400 676 Saepe
419 618 583 670 oculos,
597 618 794 670 memini,
808 619 1033 675 tangebam
1048 630 1201 674 parvus
1220 615 1358 666 olivo,

281 691 467 735 Grandia
489 692 526 733 si
550 692 707 733 nollem
730 692 940 734 morituro
961 691 1091 733 verba
1107 690 1259 732 Catoni
1512 695 1554 737 45

280 766 456 820 Dicere,
474 782 562 809 non
584 781 687 809 sano
706 767 889 809 multum
912 765 1124 809 laudanda
1147 765 1347 829 magistro
1361 797 1374 819 ‚

270 899 327 937 41.
351 899 534 938 Purpureas
561 898 666 928 subter
690 895 857 940 cervices]
910 896 983 942 jam
996 894 1180 936 delibasti,
1195 895 1313 930 stertis
1325 893 1445 929 adhuc
1455 894 1472 928 Ρ
1483 902 1554 930 etc.

225 947 333 982 Juaau
347 948 518 995 *Dionysii
528 973 538 990 ,
560 947 741 990 Damocles
764 948 862 993 regio

224 1000 357 1034 amictu
389 1001 505 1034 fuerat
538 1008 684 1032 ornatus
701 1024 710 1039 ,
737 1007 772 1032 et
786 1024 797 1040 ‚
822 1007 864 1033 ut

225 1059 401 1085 testantur
421 1060 577 1093 veteres,
594 1051 694 1098 Tyrii
717 1051 863 1085 muricis

226 1103 449 1151 conchyliato
461 1103 594 1138 indutu
610 1103 755 1138 ditatus.

250 1195 252 1197 ,
274 1161 332 1197 4²·
351 1156 445 1190 Intus
459 1158 612 1201 palleum}
633 1173 647 1186 ι
659 1157 750 1191 Mira
766 1156 867 1190 locu-

229 1224 245 1239 ·
261 1208 312 1242 tio
321 1234 333 1251 ‚
347 1209 466 1255 inquit
479 1209 625 1242 Casaub.
638 1221 718 1242 nam
731 1234 741 1249 ‚
754 1209 868 1255 pallor

230 1278 245 1291 ι
259 1261 357 1296 intus
369 1274 442 1295 esse
451 1273 525 1295 non
534 1269 646 1305 potest
655 1273 666 1303 3
676 1261 737 1295 sed
749 1274 863 1295 unum

229 1329 244 1343 ι
258 1313 408 1347 verbum
434 1312 591 1347 duorum
613 1314 694 1347 loco
716 1313 835 1360 posuit
850 1325 860 1346 z

231 1379 246 1393 ι
259 1363 358 1398 intus
375 1363 517 1406 timeat,
536 1372 571 1397 et
585 1364 672 1398 foris
689 1364 831 1410 palleat.
844 1380 860 1394 ι

276 1416 334 1458 43.
355 1419 451 1461 Quod
455 1418 610 1460 pro-rima
624 1419 746 1450 nesciat
758 1417 864 1463 uzon]

228 1469 362 1503 Juven.
376 1477 440 1503 sat.
457 1470 515 1503 ΙΙΙ
526 1494 537 1510 ,
551 1483 585 1503 v.
603 1474 669 1514 49:

231 1552 399 1560 ......
420 1531 566 1561 Conscius
576 1555 585 1568 ‚
603 1538 633 1561 et
648 1531 696 1562 cni
712 1531 830 1563 fervens

227 1575 350 1606 Aestuat
371 1576 499 1607 occultis
522 1578 638 1608 animm
653 1601 663 1615 ,
684 1589 863 1620 semperque

308 1623 453 1653 tacendis.

227 1697 275 1703 --
285 1680 387 1720 Quod.
397 1678 444 1712 Et
453 1679 548 1713 intus
557 1680 702 1726 palleat,
714 1690 866 1728 propter

227 1729 296 1764 hoc
312 1729 487 1777 flagitium
506 1733 624 1779 quod,
643 1742 713 1768 etc.
732 1737 776 1768 A.

277 1786 331 1823 44.
343 1787 432 1826 Saepe
443 1787 548 1817 oculos
558 1787 698 1824 memini,
708 1786 779 1831 eta]
791 1787 866 1832 Ego

227 1845 338 1881 puer,
352 1837 508 1881 pueriles
524 1837 608 1875 olim
626 1839 867 1872 excusationes

230 1888 430 1933 quaerebam
440 1913 451 1930 ,
461 1898 502 1923 ut
511 1889 627 1923 studia
638 1891 867 1937 laboremque

230 1937 482 1982 detrectarem
495 1949 548 1982 at,
564 1951 604 1976 tu
614 1967 624 1983 ‚
640 1943 704 1988 qui
717 1943 868 1989 puerilia

230 1989 446 2038 deposuisti,
458 2001 494 2027 et
505 1994 682 2041 sapientiae
691 2005 868 2043 praecepta

913 947 1088 980 —Oculos.
1099 972 1120 980 ..
1128 971 1136 979 .
1147 950 1327 991 tangebam.
1335 972 1344 980 .
1351 971 1358 979 .
1366 971 1374 979 .
1386 947 1559 981 olivo.Un-

914 1000 1060 1046 gebam,
1082 1008 1124 1034 ut
1148 1000 1367 1047 lippitudine
1398 1000 1558 1035 laborare

918 1051 1150 1093 viderentur,
1169 1061 1231 1087 aut
1252 1052 1322 1087 alio
1346 1053 1495 1095 morbo;
1519 1060 1561 1086 ut

918 1114 1082 1151 parentes
1110 1105 1263 1139 nimium
1294 1105 1514 1139 confidentes
1539 1118 1559 1139 a

917 1157 1072 1191 lectione
1091 1170 1149 1191 me
1166 1165 1402 1192 removerent.
1421 1157 1463 1191 P.

966 1209 1025 1250 45:
1044 1211 1192 1242 Grandia
1206 1212 1235 1242 si
1248 1212 1384 1248 nollem,
1400 1210 1485 1256 eun]
1505 1209 1559 1244 Ne

915 1262 1121 1296 memoriter
1146 1261 1308 1296 ediscitas
1333 1274 1478 1308 cogerer
1497 1261 1560 1296 de-

914 1314 1563 1362 clamationesquasdamrecitarepue-

914 1367 963 1402 ris
988 1367 1193 1409 familiares,
1215 1367 1298 1402 ficta
1324 1368 1500 1408 themata,
1520 1367 1561 1401 in

921 1420 1054 1466 quibus
1082 1419 1179 1466 apud
1207 1420 1427 1454 moriturum
1454 1419 1560 1454 Cato-

918 1485 1003 1506 nem
1024 1473 1132 1507 verba
1157 1473 1330 1514 facerem,
1346 1481 1382 1507 et
1408 1485 1491 1506 cnm
1517 1485 1560 1506 eo

914 1525 1153 1573 examinarem
1168 1550 1179 1566 ‚
1202 1526 1360 1559 satiusne
1389 1525 1443 1559 illi
1468 1524 1562 1559 foret

914 1578 1023 1612 vitam
1035 1577 1101 1611 sibi
1115 1577 1267 1624 eripere,
1275 1580 1382 1624 quam
1390 1578 1428 1611 in
1437 1589 1562 1612 manus

918 1630 1061 1663 caesaris
1097 1629 1266 1664 incidere.
1298 1629 1392 1664 Vide
1425 1631 1448 1664 J
1450 1642 1557 1665 uven.

917 1691 982 1716 sat.
998 1683 1038 1723 I,
1055 1696 1092 1716 v.
1114 1682 1169 1716 15.
1187 1683 1230 1715 A.

965 1737 1023 1774 46.
1044 1737 1116 1767 Νοη
1134 1748 1214 1767 sano
1240 1738 1373 1768 maleum
1393 1737 1562 1768 laudanda

919 1789 1108 1834 magistra]
1140 1789 1230 1830 Quae
1261 1797 1356 1823 certe
1384 1787 1563 1822 laudanda

919 1849 1033 1874 essent
1049 1852 1067 1873 a
1081 1840 1247 1886 magistro
1265 1841 1356 1875 male
1371 1853 1457 1874 sano
1469 1866 1480 1883 ‚
1497 1841 1563 1888 qui

918 1905 1033 1938 puero
1057 1893 1138 1927 ficte
1159 1902 1196 1928 et
1217 1894 1378 1929 affectate
1400 1894 1565 1928 recitanti

918 1944 1164 1992 applauderet,
1176 1954 1211 1980 et
1223 1947 1399 1993 puerilem
1416 1959 1564 1993 operam

919 2000 1044 2044 magua
1057 1998 1252 2034 ambitione
1266 1998 1430 2033 laudaret
1443 2011 1563 2034 coram

276 2110 318 2139 V.
342 2115 398 2146 44.
426 2111 614 2154 Tang-eham.
630 2113 680 2144 Ita
703 2124 816 2145 omnes
839 2115 943 2145 nostri
970 2115 1070 2146 codd.
1096 2116 1226 2147 Pithoei
1245 2110 1357 2148 codice
1374 2124 1511 2158 excepto
1531 2124 1563 2148 et

228 2167 295 2191 vet.
312 2161 417 2192 schol.
435 2163 495 2203 qni
506 2163 630 2194 habent
647 2164 817 2207 cingebam.
833 2168 878 2197 At
896 2173 973 2198 nota
991 2168 1094 2209 ipsius
1106 2175 1172 2199 vet.
1188 2169 1290 2200 schol.
1306 2169 1386 2199 hnic
1400 2176 1563 2211 repugnat

227 2213 378 2252 lectioni3
388 2221 421 2246 et
431 2226 468 2246 ea
477 2223 525 2246 eet
532 2223 627 2247 nota:
638 2217 724 2248 oculi
733 2219 802 2249 oleo
816 2219 1134 2261 tactiperturbantur
1143 2222 1191 2251 ad
1202 2230 1339 2263 tempus:
1349 2229 1562 2263 quapropter,

228 2274 393 2299 annuente
404 2269 596 2301 Caaanbono
605 2293 615 2308 ,
627 2271 732 2313 priori
742 2272 918 2303 arrisimus.
931 2273 1017 2305 Cod.
1035 2285 1169 2316 quoque
1183 2282 1298 2306 noster
1306 2297 1316 2313 ,
1334 2275 1516 2315 tangebam.

260 2339 318 2368 -V.
341 2338 400 2375 45.
420 2338 456 2369 Si
470 2339 587 2370 nollem
605 2340 759 2371 moritur-0
775 2341 880 2372 verba
901 2341 1015 2373 Catoni
1030 2343 1148 2373 dicere.
1169 2345 1218 2373 Ita
1235 2349 1301 2373 vet.
1322 2342 1428 2374 schol.
1446 2350 1481 2374 et
1498 2350 1564 2375 tres

231 2388 327 2420 eodd.
335 2389 414 2427 Alii,
424 2390 475 2421 ed.
484 2390 559 2421 Ald.
568 2398 602 2422 et
610 2398 736 2430 noster,
745 2393 774 2423 si
785 2393 901 2423 nollem
914 2394 1174 2424 morituriverba
1185 2393 1311 2424 Catonis
1319 2393 1453 2431 discere;
1465 2402 1496 2425 et
1509 2395 1564 2425 in-

230 2446 448 2483 terpretantur
460 2454 468 2473 :
482 2453 525 2474 ne
538 2445 724 2475 memoriter
738 2444 862 2475 discere
876 2456 1009 2486 cogerer
1022 2445 1273 2476 declamationes
1285 2443 1377 2476 fictas
1389 2446 1426 2476 in
1439 2447 1565 2488 quibus

230 2493 327 2525 verba
344 2495 475 2526 Catonis
495 2496 665 2527 morientis
681 2497 962 2538 exprimerentur,
981 2497 1082 2528 verba
1099 2498 1260 2528 nimirum
1276 2498 1439 2530 laudanda
1456 2510 1476 2531 a
1493 2511 1563 2532 ma-

232 2545 334 2587 gistro
351 2547 479 2579 insano.
499 2551 681 2590 Utrumque
698 2549 783 2580 bene
793 2572 802 2588 ,
815 2550 875 2580 etsi
892 2549 1020 2581 diverso
1038 2561 1147 2581 sensu.

279 2616 321 2645 V.
334 2617 387 2653 46.
397 2617 468 2648 Non
478 2628 567 2648 sano.
579 2618 683 2649 Codd.
692 2618 837 2656 multi‚et
847 2625 970 2657 noster,
977 2626 1011 2649 ee
1020 2618 1146 2651 insano.
1155 2621 1238 2651 Item
1246 2620 1297 2652 ed.
1305 2621 1381 2653 Ald-
1387 2622 1561 2662 Nonnulli,

237 2665 288 2697 Ab
299 2662 421 2699 insano.
436 2671 510 2701 Vct.
527 2670 633 2702 schol.
649 2677 681 2701 et
692 2670 853 2703 Schrevel.
868 2682 933 2703 mm
944 2682 1026 2704 sano
1031 2683 1046 2710 ;
1063 2683 1161 2715 quam
1174 2673 1349 2706 lectionem
1364 2677 1559 2719 recepimus.
