1846 3184
357 315 441 358 318
842 318 1223 362 LUCILIANI

985 403 1004 438 I
1016 403 1064 438 V.

408 463 557 514 Lippus
577 462 733 501 eduuda
751 465 830 501 acri
847 465 1002 503 assidue
1021 466 1198 517 cepariuft
1217 479 1312 517 cepa

406 529 529 566 Liviu’
550 541 720 579 pauper,
741 529 815 575 ait,
835 541 876 566 se
894 529 1066 580 ingentia
1084 531 1219 567 munia
1238 530 1370 581 fungi,

407 595 587 631 Rausuro
606 593 776 643 tragicus
793 593 863 643 qui
880 593 1051 631 carmina
1069 594 1197 644 perdit
1216 601 1361 635 Oreste.

406 661 608 705 Quantum
624 657 779 694 haurire
797 658 951 694 animus
966 655 1168 696 Musarum
1182 672 1205 696 e
1221 659 1387 697 fontibu’
1404 661 1530 711 gestit.

407 725 509 760 Tum
528 722 664 773 paucis
684 721 802 760 malle
814 750 825 767 ‚
847 735 893 759 ac
913 722 1155 774 sapientibus
1173 736 1255 761 esse
1273 724 1482 774 probatum
1497 754 1507 770 ,

404 793 434 822 H
453 790 554 821 πᾶσιν
575 789 721 822 νεκύεσσι
740 790 1024 834 καταφθιμένοισιν
1046 789 1211 823 ἀνάσσειν.

405 852 480 890 Cui
498 865 626 904 neque
642 852 865 900 jumentum
886 861 944 890 est
955 882 966 899 ‚
986 866 1059 890 nec
1078 865 1210 890 servus
1221 882 1232 899 ,
1248 867 1319 892 nec
1333 867 1466 892 comes
1482 855 1589 893 ullus
1603 884 1614 901 ‚

404 916 568 968 Bulgam
578 945 588 963 ,
606 925 646 954 et
660 917 857 968 quidquid
872 917 991 955 habet
1003 931 1258 956 nummorum
1269 946 1281 964 ,
1298 931 1432 957 secum
1444 919 1562 958 habet
1577 921 1671 972 ipse.

406 983 506 1020 Cum
522 981 642 1032 bulga
661 990 788 1019 coenat
799 1010 810 1029 ,
830 982 976 1020 dormit
987 1012 998 1028 ‚
1016 982 1118 1020 lavat
1129 1012 1140 1029 ‚
1158 983 1285 1020 omnis
1301 983 1342 1020 in
1357 996 1435 1021 una

406 1048 504 1097 Spes
522 1045 692 1084 hominis
710 1046 852 1098 bulga,
872 1046 945 1084 hac
963 1047 1141 1085 devincta
1161 1055 1219 1084 est
1235 1055 1372 1084 caetera
1386 1048 1477 1085 vita.

405 1109 770 1154 Peniculamentum
785 1125 879 1149 vero
897 1111 1180 1163 reprehendere
1199 1110 1294 1148 noli.

405 1176 489 1214 Scis
510 1177 676 1212 ποιητικὸν
697 1180 807 1222 esse3'
827 1174 935 1213 vides
953 1176 1124 1213 tunicam
1137 1204 1148 1222 ‚
1166 1183 1313 1226 et.toga
1332 1174 1428 1224 quid
1449 1174 1510 1212 sit.

404 1240 519 1278 Adde
536 1241 741 1292 Syracusis
761 1240 843 1278 sola
857 1269 868 1287 ‚
891 1240 1218 1292 pasceolumque‚
1234 1248 1274 1277 et
1291 1239 1450 1276 alutam.

406 1304 453 1344 Id
475 1305 605 1341 solum
623 1305 795 1342 advorsae
813 1307 843 1342 F
845 1313 995 1342 ortunae
1008 1333 1018 1350 ‚
1035 1303 1171 1355 reique
1191 1303 1354 1350 resistit,

404 1370 523 1415 Quod
545 1383 614 1407 sua
635 1370 889 1407 committunt
910 1369 1066 1407 mortali
1085 1369 1252 1406 claustra
1270 1370 1476 1406 camoenae.

404 1435 550 1471 Caetera
569 1436 785 1472 contemnit
799 1464 811 1482 ‚
831 1443 869 1472 et
889 1435 930 1472 in
951 1447 1070 1472 usura
1091 1434 1221 1472 omnia
1239 1434 1352 1485 ponit

406 1501 498 1537 Non
517 1512 675 1551 magna,
700 1499 906 1550 proprium
925 1512 1016 1536 vero
1036 1498 1093 1535 nil
1114 1498 1312 1536 neminem
1329 1497 1486 1536 habere.

992 1565 1043 1600 V.

402 1631 533 1675 Quare
548 1658 559 1676 ,
578 1637 624 1666 ut
641 1628 823 1674 diximu',
842 1640 923 1665 non
936 1626 1050 1664 video
1062 1655 1074 1673 ,
1091 1626 1155 1665 hic
1174 1625 1272 1678 quid
1290 1639 1525 1678 magnopere
1546 1635 1678 1678 optem
1694 1642 1703 1663 ε

404 1692 687 1731 Naumachiam
706 1692 798 1730 licet
815 1693 899 1730 haec
912 1691 1100 1742 ‚inquam
1110 1718 1123 1737 ‚
1139 1689 1415 1742 alveolumque
1430 1699 1570 1742 putare
1581 1720 1592 1739 ‚
1609 1699 1648 1728 et

404 1759 537 1796 calces
549 1788 559 1805 ‚
578 1757 746 1796 delectes
762 1766 801 1795 te
811 1785 822 1803 ‚
838 1756 922 1795 hilo
937 1770 1035 1795 num
1054 1757 1190 1794 rectiu’
1206 1756 1302 1794 vivit

401 1824 589 1862 Maximu’
602 1852 613 1869 ,
634 1823 665 1860 si
685 1822 834 1874 argenti
853 1830 1079 1860 sexcentum
1091 1850 1102 1868 ,
1121 1834 1165 1859 ac
1184 1821 1292 1859 mille
1307 1820 1503 1872 relinquat

402 1884 576 1926 Imberbi
594 1888 818 1939 androgyno
832 1916 843 1933 ‚
863 1900 909 1925 ac
926 1886 1088 1924 barbato
1105 1885 1441 1924 moechocinaedo?

402 1952 466 1991 Sic
486 1952 709 2003 singillatim
726 1953 903 1990 nostrum
921 1952 1192 2003 unusquisque
1212 1959 1393 1989 movetur
1409 1964 1420 1987 τ

404 2016 548 2054 Tristes
560 2045 571 2062 ‚
594 2015 775 2053 difficiles
795 2018 944 2062 sumu’,
964 2016 1175 2054 fastidimu'
1192 2016 1412 2063 bonorum,

399 2082 474 2119 Hic
492 2081 670 2127 tricosu’‚
686 2080 970 2131 bovinatorque
981 2109 992 2127 ,
1011 2094 1078 2118 ore
1096 2081 1294 2132 improbu'
1311 2081 1411 2120 duro
1424 2109 1435 2127 ‚

403 2149 532 2193 Quem
549 2157 679 2196 neque
697 2145 862 2182 Lucanis
883 2145 1040 2182 oriundi
1057 2146 1251 2183 montibu'
1269 2146 1372 2183 tauri

400 2220 550 2252 Ducere
570 2209 723 2262 protelo
743 2209 882 2248 validis
901 2209 1108 2246 cervicibu’
1126 2218 1296 2260 possent.

400 2279 462 2315 Tu
481 2275 581 2314 milli
598 2275 808 2313 nummum
825 2282 937 2325 potes
954 2286 1036 2311 uno
1056 2287 1229 2324 quaerere
1248 2282 1406 2311 centum
1421 2302 1432 2319 ,

405 2340 551 2380 Sallere
568 2352 761 2378 muraenas
776 2368 787 2386 ‚
808 2351 977 2376 mercem
995 2338 1037 2376 in
1055 2337 1234 2389 frigdaria
1253 2337 1367 2375 ferre.

402 2409 558 2445 Durum
569 2435 580 2452 ,
600 2405 722 2444 molle
740 2417 879 2443 vorans
891 2432 902 2450 ‚
921 2404 1130 2455 fragmenta
1147 2402 1322 2440 interfici’
1339 2402 1461 2453 panis.

401 2471 614 2512 volturius
624 2470 704 2508 ruis
720 2468 812 2508 hinc
824 2497 836 2515 ‚
853 2476 892 2506 et
910 2467 1062 2519 colligis
1077 2467 1206 2506 omnia
1222 2466 1356 2503 furtim
1371 2481 1381 2503 ε

400 2538 503 2575 Hinc
520 2549 625 2574 mare
644 2535 793 2573 metiris
810 2547 996 2585 magnum
1009 2563 1020 2580 ‚
1037 2541 1076 2571 et
1092 2540 1131 2570 te
1147 2531 1320 2570 fluctihu’
1330 2523 1466 2570 nadis.

399 2601 530 2640 Fundi
545 2601 712 2639 delectat
729 2600 852 2638 virtus
870 2608 908 2637 te
921 2627 932 2645 ‚
950 2598 1096 2636 villicu’
1115 2596 1248 2649 paullo

402 2667 604 2705 strenuior
624 2666 657 2704 si
677 2664 838 2705 evaserit
841 2689 1425 2703 .......................
