1846 3184
353 267 438 302 122

693 260 744 299 A.
778 256 1025 300 PERSII
1070 259 1328 302 FLACCI

407 339 516 380 Cum
533 338 721 396 primum
740 340 896 398 pavido
914 352 1052 383 custos
1070 343 1178 384 mihi
1195 357 1388 401 purpura
1407 344 1554 399 cessit,

1647 351 1751 388 30'

405 414 612 472 Bullaque
629 415 852 458 succinctis
871 417 1049 460 Laribus
1069 417 1224 460 donata
1243 419 1474 478 pependit3

402 491 512 532 Cum
529 490 679 532 blandi
694 491 871 534 comites
883 523 896 545 ,
913 494 1087 551 totaque
1104 494 1281 553 impune
1300 495 1494 537 Suburra

346 625 405 646 ces.
414 611 476 646 His
482 613 600 647 verbis
610 612 895 660 magnitudinem
902 626 996 648 amo-

346 666 399 700 ris
415 665 470 699 sui
484 665 616 711 pingit.
632 666 675 699 L.

395 718 454 752 30.
473 721 550 752 Cicm
560 721 702 762 primum
714 744 725 758 ,
741 721 812 763 eta]
826 719 995 754 Ostendit

347 784 487 806 causam
501 773 589 806 tanti
603 773 732 806 amoris
746 773 801 806 sui
815 770 896 819 erga
909 774 996 808 Cor-

346 833 477 859 nutum
493 850 503 867 ,
529 837 612 873 eum
642 834 765 859 ortum
798 825 921 859 dicens
948 840 995 861 ex

345 877 495 912 honesta
511 880 588 925 ejus
601 878 763 912 doctrina
775 904 786 920 ‚
801 887 838 913 et
851 891 993 914 morum

346 943 387 964 ac
407 930 611 965 studiorum
640 931 896 974 similitudine,
923 935 994 978 qua

345 983 392 1017 ad
410 984 670 1019 conciliandam
692 985 884 1019 amicitiam
903 986 993 1020 nihil

345 1037 544 1082 efficacius3
560 1039 665 1072 simul
679 1047 714 1072 et
726 1039 878 1072 Cornuti
888 1040 995 1074 bene-

345 1090 426 1125 ficia
443 1091 481 1124 in
502 1104 540 1125 se
559 1100 659 1138 grato
680 1092 801 1125 animo
820 1101 990 1127 recenset.

344 1165 393 1169 —
401 1146 521 1177 Pavido
534 1147 615 1178 mihi
622 1155 724 1178 cuseos
728 1159 880 1189 purpura
888 1148 989 1179 cessit.

344 1197 439 1230 Cum
459 1198 619 1244 primum
641 1199 746 1244 posui
768 1211 989 1245 purpuram,

344 1249 383 1284 id
394 1259 457 1292 est,
467 1259 585 1297 togam
595 1255 757 1298 purpura
766 1257 989 1298 praetextam,

347 1316 426 1348 quae
466 1305 555 1337 mihi
592 1317 709 1350 puero
750 1314 868 1339 custos
907 1306 990 1339 suit.

344 1355 473 1399 Pueri,
486 1356 585 1402 apud
599 1359 776 1391 Romanos
789 1383 798 1400 ‚
815 1371 929 1405 usque
948 1358 993 1392 ad

344 1409 571 1455 pubertatem
609 1411 866 1445 amiciebantur
912 1415 994 1458 toga

343 1465 508 1508 purpura
519 1466 687 1509 praetexta
697 1488 707 1504 ‚
725 1476 806 1510 quae
819 1463 902 1498 ideo
915 1477 994 1499 cus·

345 1522 399 1546 tos
412 1513 471 1547 hic
486 1513 636 1554 dicitur,
653 1515 735 1560 quia
751 1514 811 1548 illa
825 1523 922 1549 aetate
939 1515 991 1549 la-

345 1566 413 1599 teri
429 1578 626 1612 puerorum
644 1567 856 1614 paedagogus
872 1577 992 1602 custos

344 1619 478 1664 apponi
486 1619 632 1661 solebat,
641 1621 744 1666 cujus
751 1621 910 1666 primum
918 1629 994 1655 erat

344 1671 507 1705 officium
522 1697 533 1715 ,
559 1680 600 1705 ut
627 1672 677 1706 ait
709 1671 835 1706 Horat.
861 1673 924 1706 lib.
950 1674 969 1706 I
981 1698 992 1716 ‚

344 1733 409 1759 sat.
433 1729 477 1768 4,
497 1724 542 1759 de
561 1737 627 1759 suo
646 1734 747 1772 patre
761 1751 772 1768 ‚

416 1816 423 1823 .
447 1816 455 1823 .
480 1816 487 1823 .
511 1815 519 1824 .
541 1794 645 1824 Vitam
658 1793 831 1834 famamque
844 1795 924 1825 tueri

343 1842 531 1872 Incolumem
535 1864 930 1872 .............

343 1906 391 1939 Et
408 1905 493 1951 quia
511 1917 551 1939 ea
565 1905 670 1940 vestis
685 1918 779 1940 sacra
797 1906 994 1940 habebatur

344 1958 620 2004 dicebaturque,
643 1967 685 1992 ut
711 1959 809 2005 apud
835 1961 990 2006 Appian.

342 2014 362 2049 ἦ
384 2014 456 2059 ἱερὰ
478 2013 572 2051 ἐσθὴς
599 2012 835 2056 tribunorum
862 2014 989 2059 plebis.

342 2064 464 2106 Quare
475 2089 485 2106 ‚
502 2065 567 2110 qui
586 2067 747 2111 purpura
772 2066 967 2099 utebantur
978 2091 988 2106 ‚

342 2130 387 2152 eo
411 2118 492 2164 ipso
517 2118 664 2151 nomine
690 2118 907 2152 venerabiles
922 2144 932 2159 ‚
957 2127 993 2152 et

343 2170 455 2203 sancti
478 2170 726 2212 habebantur,
749 2179 814 2211 ut,
839 2170 867 2203 si
888 2170 992 2216 quis,

342 2223 568 2258 contumeliae
597 2223 654 2258 vel
690 2218 831 2270 injuriae
863 2226 967 2257 causa
981 2248 991 2265 ,

341 2277 508 2322 purpura
532 2276 720 2323 insignitos
748 2284 990 2317 attrectasset,

342 2341 418 2363 non
444 2329 635 2362 hominum
667 2337 810 2363 tantum
828 2354 839 2371 ‚
866 2328 927 2363 sed
957 2338 992 2364 et

341 2384 503 2416 Deorum
519 2384 600 2429 jura
612 2382 758 2417 violasse
774 2383 992 2430 intelligere-

341 2444 414 2470 tur.
435 2435 564 2469 Fabius
576 2460 587 2477 ,
606 2436 800 2470 Declamat.
820 2435 977 2470 CCCXL

340 2494 407 2535 Ego
418 2492 515 2523 vobis
528 2492 635 2534 allego
653 2491 751 2523 etiam
770 2491 854 2522 illud
863 2502 990 2523 sucrum

334 2554 574 2586 praetextarum
583 2569 594 2583 ,
609 2556 674 2587 quo
687 2546 866 2576 sacerdotes
877 2545 992 2576 velan-

339 2605 412 2635 tur,
432 2610 497 2639 quo
517 2598 748 2640 magistratus;
767 2609 833 2640 quo
855 2597 991 2642 infirmi-

340 2658 436 2681 tatem
458 2651 610 2692 pueritiae
638 2662 765 2683 sacram
781 2650 928 2694 facimus
952 2663 992 2683 ac

1046 618 1323 650 venerabilem.—
1329 619 1448 650 Pavido
1461 618 1549 650 mihi.
1559 619 1667 652 Recte
1682 629 1694 651 ἕ

1047 675 1099 701 est
1115 668 1210 702 enim
1226 669 1285 703 illa
1300 677 1379 703 aetas
1399 670 1555 703 obnoxia
1570 670 1692 704 alienae

1046 723 1082 756 vi
1093 747 1104 763 ‚
1119 722 1275 756 maxime
1297 728 1361 757 τῶν
1381 721 1671 769 παιδομανούντων
1685 750 1695 765 ,

1047 787 1202 820 quorum
1214 775 1344 822 flagitia
1359 777 1511 810 maxime
1524 776 1696 810 timeban-

1046 834 1108 860 tur
1131 827 1276 873 pueris,
1298 836 1340 862 ut
1365 828 1480 863 Graeci
1501 829 1694 874 Latinique

1046 878 1236 925 scriptores
1251 881 1383 926 passim
1400 889 1586 915 testantur.
1603 880 1692 914 vid.

1046 931 1204 964 Macrob.
1218 931 1362 966 Saturn.
1374 933 1441 966 lib.
1453 934 1471 966 1
1483 958 1494 975 ‚
1507 945 1583 980 cap.
1596 935 1631 967 6.
1647 933 1691 966 C.

1095 997 1152 1032 31.
1173 1001 1360 1043 Bullaque.]
1376 999 1429 1033 De
1444 999 1544 1033 bulla
1560 1011 1695 1045 puero-

1045 1063 1128 1085 rum
1148 1050 1246 1086 idem
1271 1052 1432 1086 Macrob.
1455 1052 1534 1086 fuse
1554 1051 1696 1087 disserit

1043 1104 1126 1138 loco
1147 1104 1281 1150 praecit.
1302 1103 1388 1138 vid.
1410 1105 1542 1140 Juven.
1561 1112 1626 1138 sat.
1645 1105 1696 1146 V,

1045 1170 1081 1190 v.
1110 1159 1193 1199 164,
1209 1165 1246 1191 et
1267 1166 1332 1192 sat.
1357 1158 1475 1199 XIII,
1495 1171 1532 1192 v.
1557 1157 1615 1192 33.
1641 1158 1697 1192 Ex

1044 1210 1100 1244 his
1116 1235 1126 1253 ,
1156 1211 1293 1245 etiamsi
1326 1223 1401 1245 non
1434 1210 1580 1245 aliunde
1609 1219 1697 1245 nota

1045 1265 1139 1298 soret
1170 1265 1339 1299 omnibus
1364 1265 1476 1299 Persii
1505 1265 1697 1300 nobilitas,

1046 1326 1222 1352 constaret
1233 1331 1317 1353 eum
1327 1318 1484 1365 equestri
1496 1317 1616 1352 ordini
1629 1317 1696 1351 sal·-

1047 1379 1116 1404 tem
1137 1371 1244 1406 fuisse
1267 1371 1476 1405 addictum:
1497 1384 1580 1404 nam
1597 1370 1697 1404 bulla

1045 1423 1110 1456 soli
1135 1424 1313 1458 nobilium
1340 1432 1375 1458 et
1400 1424 1566 1471 equitum
1589 1423 1696 1470 pueri

1045 1477 1276 1517 ornabantur,
1287 1489 1394 1523 quam
1404 1489 1487 1511 cum
1497 1476 1593 1511 virili
1603 1484 1695 1522 toga,

1045 1527 1089 1562 ad
1102 1529 1210 1562 aetatis
1222 1530 1331 1563 XVII
1341 1541 1424 1563 ann.
1436 1529 1600 1576 provecti
1612 1553 1623 1569 ‚
1634 1529 1698 1562 La-

1045 1580 1146 1614 ribus
1161 1581 1373 1616 offerebant.
1386 1602 1433 1607 —
1446 1583 1619 1614 Succinctis
1629 1584 1694 1613 La-

1046 1635 1142 1666 ribus.
1172 1634 1278 1668 Lares
1306 1635 1460 1667 succincti
1488 1633 1662 1667 dicuntur
1681 1658 1694 1675 ,

1047 1688 1192 1730 εὔζωνοι,
1211 1687 1297 1734 quia
1313 1688 1443 1721 habitu
1461 1687 1694 1734 peregrinan-

1046 1740 1138 1772 tium
1157 1746 1257 1773 erant
1275 1740 1431 1787 pellibus
1449 1739 1566 1772 amicti
1579 1763 1590 1782 ,
1609 1751 1695 1772 cum

1046 1804 1132 1826 cane
1155 1793 1299 1833 comite.
1322 1794 1409 1827 Vet.
1432 1792 1544 1826 schol.
1570 1808 1584 1822 ι
1599 1791 1695 1834 Quia

1049 1861 1063 1875 ι
1078 1845 1204 1878 habitu
1230 1845 1371 1879 Gabino
1383 1870 1394 1887 ‚
1413 1845 1610 1891 cinctuque
1635 1843 1696 1877 Dii

1048 1914 1063 1928 ι
1078 1897 1226 1932 Penates
1244 1898 1491 1932 formabantur
1502 1922 1513 1939 ‚
1530 1895 1696 1931 obvoluti

1047 1967 1061 1981 α
1076 1953 1156 1997 toga
1169 1963 1277 1997 super
1286 1951 1481 1985 humerum
1493 1949 1694 1991 sinistrum,

1049 2021 1063 2034 ι
1080 2003 1207 2038 dextro
1224 2004 1336 2038 nudo.
1349 2020 1363 2033 ι
1384 2005 1428 2037 Α.

1095 2066 1153 2101 32.
1177 2069 1253 2100 Ciam
1281 2069 1396 2101 blandi
1414 2067 1571 2113 comites]
1600 2065 1695 2100 Ct'nn

1045 2132 1113 2165 pro
1126 2119 1320 2166 paedagogo
1333 2145 1344 2162 ‚
1359 2119 1491 2154 comite
1505 2119 1643 2165 ingrato
1660 2125 1696 2152 et

1046 2173 1177 2215 inviso,
1193 2174 1343 2207 suerunt
1357 2173 1444 2207 mihi
1459 2175 1589 2209 comites
1601 2174 1693 2205 blan-

1045 2229 1099 2265 di,
1120 2226 1160 2260 id
1183 2235 1255 2267 est,
1274 2234 1503 2260 assentatores
1531 2232 1567 2259 et
1593 2236 1695 2270 para-

1044 2279 1124 2320 siti,
1141 2279 1204 2325 qui
1223 2281 1402 2326 juvenum
1420 2279 1529 2312 latera
1550 2277 1694 2323 cingere

1045 2332 1143 2366 solen
1149 2340 1173 2365 t.
1182 2353 1227 2357 —
1238 2332 1381 2375 Totaque
1394 2334 1523 2375 impune
1535 2330 1692 2370 Saburra,

1045 2395 1102 2418 etc.
1120 2385 1214 2418 Csim
1232 2386 1306 2431 jam
1329 2393 1471 2430 sumpta
1484 2384 1597 2419 virilis
1612 2392 1694 2430 toga

1044 2436 1191 2471 dederat
1203 2437 1292 2471 mihi
1302 2445 1515 2483 potestatem
1525 2460 1534 2478 ‚
1547 2436 1696 2470 nemine

1042 2489 1234 2537 paedagogo
1261 2490 1500 2536 prohibente,
1523 2489 1637 2523 amori
1663 2488 1696 2522 si

1044 2544 1133 2578 mihi
1157 2544 1320 2578 libuisset
1343 2541 1579 2589 indulgendi;
1599 2551 1635 2576 et
1653 2541 1693 2576 in

1043 2597 1123 2631 vico
1157 2599 1308 2630 Subur-rm
1339 2596 1503 2630 Lesbiam
1534 2595 1693 2641 aliquam

1043 2649 1101 2685 vel
1114 2648 1261 2684 Laidem
1275 2647 1526 2696 quaerendi.-
1536 2645 1695 2686 Suburrd,
