1898 3216
324 262 393 320 xvj
693 261 746 303 A.
776 258 1018 303 PERsn
1064 258 1314 303 FLAGCI

328 348 554 398 οὸοιπορικῶν
578 343 743 387 librum
767 359 926 398 unum,
946 355 988 386 et
1012 358 1172 402 paucos
1200 344 1247 384 in
1272 356 1464 385 sororem
1483 342 1680 390 Thrasea!

326 423 465 467 Arriae
501 431 684 465 matrem
719 435 865 464 versus
887 451 900 473 ‚
937 435 1034 478 quae
1068 433 1113 461 se
1146 429 1245 461 ante
1277 419 1422 462 virum
1450 422 1679 467 occiderat.

329 500 490 542 Omnia
502 509 646 541 autem
659 499 876 540 Cornutus
890 507 1042 538 auctor
1053 494 1137 536 fuit
1149 495 1277 536 matri
1288 497 1400 553 ejus,
1409 507 1460 539 ut
1474 498 1680 543 aboleret.

329 576 510 619 Editum
539 576 703 618 librum
731 573 939 616 continuo
977 571 1126 613 mirari
1159 571 1389 626 homines‚'
1411 584 1454 615 et
1483 574 1682 635 deripere

329 663 564 711 coeperunt.
575 651 761 694 Decessit
771 660 912 691 autem
921 649 1028 690 vitio
1041 648 1266 702 stomachi,
1274 663 1392 692 anno
1401 652 1534 694 aetatis
1541 653 1684 697 XXX.

329 730 417 772 Sed
441 745 543 772 mox
566 740 616 771 ut
637 744 662 770 a
682 727 829 770 schola
852 738 895 768 et
918 726 1132 784 magistris
1158 725 1546 782 deverterat,lecto
1567 730 1683 774 libro

329 807 488 849 Lucilii
512 806 701 858 decimo,
719 805 998 847 vehementer
1021 804 1171 845 satiras
1195 819 1459 863 componere
1491 807 1684 851 studuit:

330 885 454 941 cujus
468 883 572 925 libri
591 882 855 940 principium
876 880 1066 922 imitatus
1083 891 1167 934 est,
1184 881 1269 923 sibi
1287 882 1455 940 primo,
1473 899 1576 926 mox
1593 901 1685 927 om-

330 961 461 1002 nibus
485 959 822 1010 detrectatums,
842 972 943 998 cum
971 967 1090 998 tanta
1115 958 1357 1000 recentium
1385 964 1613 1017 poetarum
1640 972 1684 1005 et

329 1048 551 1078 oratorum
584 1034 866 1076 insectatione
881 1065 893 1086 ‚
918 1043 968 1074 ut
1001 1033 1132 1075 etiam
1167 1034 1389 1077 Neronem
1418 1037 1685 1096 culpaverit,

330 1113 450 1169 cujus
474 1126 622 1154 versus
646 1111 693 1152 in
718 1110 943 1153 Neronem
965 1112 1065 1152 cum
1087 1111 1146 1152 ita
1170 1124 1215 1152 se
1238 1111 1447 1160 haberet,

659 1186 847 1221 Auriculas
862 1186 954 1220 asini
971 1185 1071 1220 Mida
1089 1199 1155 1221 rex
1169 1187 1278 1221 habet
1288 1214 1300 1231 ‚

330 1255 377 1295 in
384 1254 502 1295 hunc
513 1251 693 1295 modum
703 1267 727 1293 a
734 1253 927 1293 Cornuto
934 1251 1028 1309 ipso
1036 1253 1339 1296 tantummodo
1349 1265 1414 1297 est
1420 1254 1690 1311 emendatus,

659 1328 847 1363 Auriculas
865 1328 956 1362 asini
976 1327 1057 1375 quis
1074 1340 1150 1362 non
1168 1317 1277 1364 habet
1289 1329 1306 1362 Ρ

332 1411 387 1439 ne
412 1396 495 1438 hoc
518 1395 636 1439 Nero
660 1395 707 1436 in
731 1409 777 1436 se
802 1393 968 1436 dictum
991 1393 1287 1437 arbitraretur.

825 1547 952 1559 m

1142 1547 1205 1559 w-

405 1662 621 1720 AULI
663 1659 972 1719 PERSII
1018 1659 1353 1721 FLACCI
1394 1662 1609 1723 VITA

484 1817 520 1852 A
547 1816 761 1853 JOANNE
785 1815 1138 1853 BRITANNICO
1163 1815 1541 1854 CONSCRIPTA.

387 1942 549 1978 Annus
580 1942 792 1978 szsms
823 1942 1044 1978 FLAccus
1075 1940 1117 1977 in
1145 1939 1315 1978 Thuscia
1332 1939 1553 1979 Volaterras
1577 1940 1696 1986 habet

337 2004 501 2056 patriam
517 2034 528 2052 ‚
546 2005 654 2056 quod
676 2005 870 2043 Eusebius
887 2013 1071 2052 testatur,
1093 2006 1256 2056 ipseque
1274 2006 1317 2043 in
1334 2005 1475 2044 ultima
1493 2019 1563 2045 sua
1581 2006 1698 2045 satira

337 2070 489 2116 innuit,
510 2070 581 2108 ubi
601 2070 655 2108 ait
673 2085 682 2107 :

579 2171 893 2180 ..............
913 2149 1001 2181 Mihi
1017 2159 1110 2180 nunc
1127 2148 1228 2191 Ligus
1245 2159 1302 2180 ora

572 2204 700 2244 Intepet
711 2226 719 2241 ‚
734 2203 965 2246 hybernatque
986 2214 1099 2234 meum
1119 2213 1206 2233 mare
1217 2224 1227 2240 ,
1241 2213 1305 2244 qua
1324 2201 1413 2234 latua
1426 2201 1545 2245 ingens

576 2256 666 2286 Dant
694 2257 847 2298 scopuli,
866 2265 898 2288 et
919 2255 1024 2288 multa
1047 2254 1143 2287 littus
1160 2266 1194 2286 se
1212 2254 1294 2286 valle
1316 2261 1474 2297 receptat.

574 2310 682 2341 Lunai
702 2317 839 2352 portum
860 2318 910 2342 est
934 2321 1043 2353 operae
1064 2319 1283 2352 cognoscere,
1300 2309 1399 2341 cives.

339 2391 437 2426 Nam
451 2392 561 2427 Luna
580 2398 638 2428 est
659 2389 853 2442 olipidum
874 2400 914 2430 et
931 2400 1068 2443 portus
1087 2389 1288 2436 Thusciae,
1307 2397 1354 2427 ut
1371 2389 1543 2429 sentiunt
1558 2390 1697 2429 Strabo

341 2462 380 2491 et
397 2454 556 2492 Plinius.
575 2456 757 2494 Ostendit
775 2457 896 2508 igitur
912 2460 1028 2508 poeta
1040 2484 1052 2502 ‚
1073 2468 1114 2493 se
1131 2454 1333 2493 Thuscum
1348 2467 1451 2502 esse,
1468 2455 1560 2493 cum
1576 2455 1654 2492 ait:

575 2527 812 2571 Hybernatque
837 2540 947 2561 meum
968 2539 1068 2559 mare.

341 2599 550 2639 Volaterrae
582 2603 773 2654 oppidum
801 2613 860 2642 est
885 2604 962 2643 hoc
991 2603 1113 2643 modo
1146 2603 1380 2642 aedificatum
1402 2617 1412 2640 :
1438 2602 1480 2640 in
1505 2601 1703 2654 profunda

338 2664 438 2704 vane
456 2665 632 2704 sublimis
648 2676 687 2707 et
705 2681 876 2721 praeceps
892 2670 1069 2723 undique
1085 2668 1197 2709 collis
1216 2676 1358 2717 exstat,
1373 2667 1488 2718 cujus
1499 2667 1541 2706 in
1554 2668 1697 2707 vertice
