1846 3184
7 1883 10 1884 ,
6 1866 12 1875 ,v
0 1830 10 1858 n*-
0 1742 21 1823 ⁷2:5⁸quss

497 215 575 259 m
604 197 1187 257 PERsllsATIRAM
1213 213 1282 255 11.
1489 213 1569 270 189

275 301 324 337 V.
350 304 410 344 14.
430 298 650 348 Neriojaqn
666 295 822 347 oenia.]÷
837 292 980 338 Nerius
1004 301 1131 333 morte
1152 294 1366 345 conjugum
1389 293 1572 346 locuple-

226 372 350 411 ¹tatus,
365 364 556 402 fenerator
572 369 630 400 est
652 360 778 398 factus
794 359 1043 398 notissimus:
1061 358 1111 396 de
1134 371 1216 410 quo
1234 359 1416 403 Horatius
1427 388 1438 404 ,
1454 361 1575 396 scribe

228 429 360 466 decem
376 429 518 476 Ner-1225
526 428 610 464 Dos
627 426 732 463 enim
753 438 776 462 a
797 425 879 462 cive
896 426 1076 462 Romano
1097 423 1186 461 data
1197 452 1209 471 ,
1228 435 1308 460 non
1327 423 1452 474 patrio
1471 423 1575 461 dicta

224 491 384 529 nomine
394 519 406 537 ‚
426 491 459 528 si
474 489 783 541 repudium-non
799 488 1047 526 intervenerit
1060 515 1071 534 ‚
1090 495 1178 538 post
1193 494 1360 525 mortem
1377 487 1509 524 uxoris
1522 487 1574 524 ad

227 556 410 593 maritum
428 555 606 606 pertinet.
1186 584 1188 586 ,

280 627 329 662 V.
361 637 422 674 19.
453 626 518 661 Vae
543 623 678 674 Staio]
707 622 836 661 Staius
863 630 971 660 tutor
998 621 1231 673 pupillarius
1262 621 1364 658 fuit:
1393 623 1511 658 Gutta
1538 629 1577 658 et

228 688 379 734 Albus,
397 696 438 726 et
462 688 590 726 caeteri
617 687 837 739 praepositi,
860 687 1020 724 fuerunt
1041 685 1223 737 judices:
1248 685 1318 736 qui
1340 685 1382 723 in
1409 685 1575 722 Juniano

224 752 376 804 judicio
398 752 597 803 corrupti,
618 752 879 803 Oppianicum
905 751 1198 788 damnaverunt.

283 825 335 866 Vq
355 823 417 860 26.
436 824 500 859 An
510 851 524 868 ,
542 824 633 872 quia
652 821 883 871 nonfibris]
905 823 951 857 In
967 833 1042 858 usu
1059 820 1157 866 fuit,
1172 827 1218 856 ut
1234 831 1399 870 augures
1411 847 1422 864 ,
1434 817 1497 856 vel
1509 817 1580 855 ha-

229 887 404 938 ruspices
418 886 576 924 adducti
588 886 637 923 de
651 885 830 922 Hetruria
840 912 852 930 ‚
867 884 980 922 certis
995 883 1236 934 temporibus
1247 912 1258 929 ‚
1275 882 1440 920 fulmina
1457 890 1580 920 trans-

231 951 395 1002 figurata
422 951 462 987 in
490 949 658 1001 lapides,
683 949 783 986 infra
811 957 951 986 terram
978 947 1281 993 absconderent3
1309 948 1422 999 cujus
1450 946 1491 983 in
1515 958 1581 997 pa-

234 1015 398 1053 tratione
413 1015 469 1052 rei
486 1027 576 1054 oves
593 1013 911 1051 immolabantur.

285 1087 335 1122 V.
360 1098 422 1132 27.
443 1085 631 1121 Bidental
646 1083 761 1134 (10).]
786 1086 914 1120 Locus
937 1094 1047 1119 sacro
1073 1069 1280 1132 percussus
1300 1080 1486 1126 fulmine,
1511 1079 1581 1131 qui

233 1149 391 1186 bidente
409 1148 459 1186 ab
478 1147 749 1198 haruspicibus
772 1154 1018 1184 consecratur
1029 1175 1040 1192 ‚
1059 1159 1179 1197 quem
1200 1145 1346 1184 calcare
1365 1145 1472 1182 nefas
1489 1153 1561 1182 est.

285 1222 335 1256 V.
362 1219 424 1256 36.
446 1221 561 1256 Nunc
579 1220 758 1255 Lai-inim
777 1217 965 1267 campos]
992 1217 1164 1255 Licinius
1191 1218 1348 1254 Crassus
1372 1216 1473 1253 inter
1495 1218 1581 1253 Ro·
1607 1255 1609 1257 ,

234 1296 371 1321 manos
394 1283 747 1334 locupletissimus,
765 1282 856 1319 ideo
881 1281 988 1318 dives
1015 1281 1323 1336 cognominatus.
1348 1280 1427 1317 Alii
1443 1279 1584 1318 volunt

234 1348 429 1385 Licinium
443 1356 638 1384 tonsorem
654 1360 699 1384 ac
714 1346 899 1383 libertum
913 1345 1082 1396 Augusti
1095 1345 1252 1383 Caesaris
1268 1344 1473 1395 significari
1488 1357 1583 1395 prae-

235 1411 396 1448 divitem
417 1425 427 1447 :
453 1412 566 1462 cujus
595 1410 898 1448 monimentum.
913 1417 971 1447 est
1005 1409 1165 1460 pretiosi
1193 1408 1324 1460 operis
1349 1409 1410 1444 via
1439 1407 1583 1446 Salaria

235 1465 358 1529 prope
372 1475 520 1514 Urbem
532 1504 543 1521 ‚
560 1475 610 1512 ad
625 1474 795 1526 lapidem
814 1473 1042 1511 secundum.
1061 1476 1121 1511 De
1140 1473 1215 1510 hoc
1234 1486 1315 1510 non
1332 1473 1582 1510 invenustum

234 1539 419 1576 Varronis
436 1539 671 1590 epigramma
689 1538 812 1576 fertur
828 1552 838 1574 ι

470 1617 656 1657 Marmorco
679 1613 821 1646 Licinus
839 1615 968 1646 tumulo
983 1606 1093 1657 jacet:
1113 1621 1145 1645 at
1163 1615 1244 1646 Cato
1261 1624 1385 1655 parvo:

518 1669 694 1710 Pompeius
711 1668 817 1705 nullo.
837 1666 925 1707 Quis
941 1674 1037 1708 putet
1056 1677 1122 1697 esse
1139 1668 1226 1697 Deos
1239 1666 1270 1708 (ι
1282 1665 1312 1708 ι)
1323 1667 1338 1696 ?

291 1739 339 1774 V.
372 1738 434 1787 39.
458 1740 549 1775 Non
573 1737 757 1786 manda]
779 1735 910 1773 Verbo
937 1748 1032 1772 usus
1054 1743 1112 1772 est
1130 1722 1378 1786 haruspice&
1405 1735 1504 1772 Cum
1529 1736 1584 1773 eis

240 1801 383 1838 dicitur
398 1816 406 1837 :

473 1867 598 1897 Mando
618 1866 700 1904 tibi,
719 1873 757 1897 ut
772 1866 950 1896 maximum
967 1867 1087 1896 Jovem
1105 1865 1230 1913 audias.

241 1936 295 1972 Ut
308 1934 642 1986 quemadmodum
657 1935 938 1987 procurationis
950 1935 1108 1972 assertio
1119 1935 1181 1980 fit,
1195 1935 1247 1972 ita
1262 1934 1328 1979 fiat
1341 1943 1380 1972 et
1394 1935 1434 1972 in
1450 1936 1586 1982 sacris,

243 2007 283 2036 et
296 2000 337 2036 in
357 2013 484 2050 prece.
1427 2007 1429 2009 '

291 2072 339 2107 V.
359 2076 420 2114 42.
446 2071 659 2119 Tucetaque
677 2070 836 2122 crassa]
852 2072 997 2108 Tuceta
1013 2069 1118 2120 apud
1134 2069 1268 2110 Gallos
1284 2070 1497 2120 Cisalpinos
1512 2071 1587 2107 bu-

241 2133 336 2171 bula
363 2133 528 2178 dicitur,
550 2133 808 2171 condimentis
837 2133 1074 2187 quibusdam
1100 2134 1235 2171 crassis
1265 2133 1410 2178 oblita,
1434 2147 1478 2170 ac
1505 2147 1587 2170 ma-

241 2205 390 2234 cerata:
413 2190 567 2235 etiideo
595 2206 679 2235 toto
706 2211 808 2236 auno
835 2198 960 2235 durat.
987 2197 1095 2235 Solet
1121 2198 1236 2234 etiam
1262 2197 1420 2247 porcina
1447 2196 1586 2232 eodem

242 2274 382 2312 genere
406 2261 562 2299 condita
586 2263 745 2308 servari,
766 2270 834 2299 aut
859 2262 909 2299 ad
934 2270 1148 2298 saturarum
1165 2251 1252 2311 jura
1267 2260 1363 2309 (12).
1384 2259 1484 2296 Hinc
1504 2259 1589 2296 Plo-

238 2325 317 2362 tius
329 2354 341 2371 ,
358 2325 512 2376 Virgilii
530 2326 679 2363 amicus
691 2353 702 2371 ‚
719 2326 761 2363 in
783 2325 919 2363 eadem
937 2325 1095 2375 regione
1114 2332 1171 2373 est
1188 2323 1411 2362 nominatus
1425 2324 1584 2360 Tuceta.

294 2390 342 2424 V.
373 2388 435 2425 56.
463 2391 569 2425 Nam
587 2390 737 2437 fratres
769 2391 869 2426 inter
895 2388 1077 2438 ahenos.]
1102 2391 1232 2424 Acron
1255 2385 1371 2422 tradit
1398 2386 1528 2436 quod,
1546 2388 1588 2424 in

246 2451 398 2500 porticu
410 2452 604 2503 Apollinis
619 2452 800 2496 Palatini,
815 2452 973 2488 fuerunt
986 2449 1204 2487 Danaidum
1220 2449 1366 2500 effigies
1377 2478 1387 2495 ‚
1401 2458 1440 2487 et
1455 2459 1588 2488 contra

247 2525 311 2550 eas
320 2541 331 2558 ‚
345 2514 417 2552 sub
429 2515 538 2562 divo,
553 2516 717 2554 totidem
730 2523 926 2565 equestres
943 2514 1115 2551 filiorum
1128 2512 1312 2564 Aegisthi.
1326 2515 1384 2550 Ex
1398 2513 1446 2551 iis
1455 2522 1588 2552 autem

252 2577 408 2622 statuis,
430 2579 607 2629 quaedam
634 2579 862 2617 dicebantur
891 2576 1180 2628 postulantibus
1201 2589 1269 2628 per
1293 2589 1473 2633 somnum
1497 2577 1588 2617 dare

253 2640 419 2678 oracula.
