1846 3184
670 301 936 346 SATIRA
980 303 1085 344 ΙΙΙ.

1481 303 1539 361 73

271 389 458 446 Pingue,
477 395 590 428 caret
607 385 755 443 culpa;
769 384 903 426 nescit
917 382 1023 441 quid
1038 381 1211 441 perdat3
1226 391 1269 424 et
1281 382 1369 424 alto

270 463 521 513 Demersus,
539 475 704 502 summa
724 474 870 501 rursus
894 474 985 501 non
1008 458 1168 500 bullit
1157 473 1203 499 m
1226 457 1355 500 unda.

273 538 426 596 Magne
441 547 559 594 pater
580 536 760 578 Divum!
781 550 910 578 saevos
931 536 1086 593 punire
1108 545 1311 592 tyrannos

214 673 287 700 ute
297 660 467 700 vitiorum
483 674 555 696 non
572 675 637 708 par
653 670 704 696 est
717 661 851 696 utrius-

216 729 286 765 que
294 741 305 757 ,
314 716 535 757 scil.,n0bi¹is
547 715 686 749 infamis
698 724 734 749 et
746 724 852 749 nattae

216 768 386 804 conditio.
394 769 554 811 Quiahic
566 769 702 813 (natta)
711 779 853 801 sensum

215 823 291 857 fere
306 821 448 855 nullum
464 821 570 854 habet
588 833 659 854 suae
676 820 830 853 infamiae
843 831 854 861 ;

214 873 275 909 ille
296 885 382 908 vero
402 886 438 907 se
460 873 497 907 in
523 873 662 918 gurgite
682 872 854 906 vitiorum

214 925 423 963 immersum
435 924 542 958 sentit
553 949 564 966 ‚
580 933 615 958 et
633 924 694 957 ubi
710 923 855 958 tandem

215 977 361 1024 penitus
381 977 475 1011 vitiis
499 975 748 1015 succubuerit,
771 987 855 1009 serae

216 1029 423 1076 penitentiae
448 1041 568 1075 poenas
592 1041 664 1062 non
689 1028 852 1074 effugiet.

216 1081 274 1116 Ex
281 1082 336 1115 his
346 1081 622 1120 clarum‚nattam
635 1093 743 1127 quem
753 1087 857 1113 vocat

218 1131 359 1168 Persius
370 1159 381 1175 ‚
398 1147 482 1168 eum
494 1146 567 1168 esse
579 1146 686 1179 quem
700 1134 856 1172 &nolae-ov

217 1185 423 1231 philosophi
439 1184 580 1224 dicunt,
597 1185 671 1218 sive
684 1184 858 1230 intempe-

218 1245 357 1279 ratum3
367 1238 536 1282 juvenem
550 1249 622 1270 esse
631 1248 739 1282 quem
750 1235 860 1270 iidem

220 1290 347 1336 ἀκρατῆ
371 1298 407 1323 et
428 1290 726 1323 incontinentem.
750 1290 857 1322 Uter-

221 1353 294 1388 que
317 1353 443 1375 eorum
467 1341 601 1383 malus;
621 1340 683 1374 sed
707 1341 862 1374 multum

221 1393 315 1428 inter
342 1406 379 1428 se
407 1392 621 1439 discrepant.
641 1414 687 1419 —
703 1397 747 1425 Ee
764 1395 862 1439 fibris

221 1447 370 1486 increvit,
390 1455 451 1480 etc.
470 1445 610 1480 Scilicet
622 1470 633 1486 ‚
651 1457 760 1480 crassa
779 1445 862 1491 pin-

221 1497 339 1545 guedo
350 1497 544 1544 praecordia
562 1499 638 1544 ejus
652 1497 837 1543 occupavit
850 1522 861 1540 ,

221 1550 378 1598 ideoque
391 1552 551 1596 ἐπαχύνθη
569 1553 589 1588 ἦ
606 1547 728 1597 καρδία
739 1553 835 1585 αὐτοῦ
846 1575 858 1593 ,

221 1603 276 1638 καὶ
293 1604 484 1642 ἀναίσθητος
501 1604 641 1649 ἐγένετο,
656 1602 857 1649 pinguedo,

222 1656 394 1690 crassities
422 1655 596 1689 vitiorum
616 1681 626 1698 ‚
656 1656 688 1689 ei
718 1668 861 1689 sensum

220 1707 365 1744 ademit.
380 1709 424 1743 In
435 1708 631 1754 pinguibus
643 1720 786 1742 sensum
799 1708 862 1741 ob-

222 1760 394 1795 tusiorem
412 1772 485 1794 esse
500 1763 605 1806 quiam
620 1761 658 1794 in
672 1760 748 1793 aliis
758 1785 769 1800 ,
788 1772 864 1793 om-

221 1813 329 1849 nihus
349 1821 477 1847 notum
502 1821 567 1846 est.
586 1834 633 1838 —
652 1815 764 1846 Fibris.
792 1812 863 1845 Pro

223 1864 442 1910 precordiis.
465 1885 511 1890 —
540 1867 686 1914 Opimum
728 1867 861 1909 pingue.

224 1917 330 1950 Valet
339 1918 503 1961 pinguedo
512 1941 523 1955 ,
532 1918 668 1960 pinguis.
685 1915 724 1949 C.
737 1924 772 1950 et
785 1917 823 1950 P.

274 1967 332 2002 33.
359 1970 455 2001 Caret
481 1968 589 2010 culpa.
604 1971 617 2012 ]
641 1968 735 2010 Quia
761 1967 863 2009 εὐδεὶς

223 2022 304 2059 inim
329 2024 460 2067 πον-πρὶς
482 2019 551 2055 aab*
574 2022 659 2055 ἄκων
678 2022 800 2068 μάκαρ.
820 2023 864 2055 In

225 2072 352 2107 eodem
366 2085 472 2107 sensu
486 2074 612 2106 Juven.
624 2081 686 2106 sat.
697 2074 755 2116 11,
766 2087 799 2107 v.
813 2074 864 2108 15:

448 2130 591 2159 ‚Verius
604 2140 692 2170 erge,

224 2178 264 2206 Et
270 2186 364 2251 margus
371 2176 501 2216 ingenue
509 2177 708 2206 Peribomius.
714 2178 803 2207 Hune
810 2187 867 2218 ego

319 2228 375 2251 atis

226 2269 347 2308 Imputo
356 2291 366 2304 ,
385 2268 443 2308 qui
455 2269 543 2299 vultu
560 2270 701 2299 morbum
711 2292 721 2307 ‚
736 2269 868 2300 incessu-

309 2326 370 2356 que
381 2316 501 2346 fatetur.

227 2362 343 2391 nomm
360 2362 537 2401 simplicitas
550 2362 747 2397 miserabilis,
738 2375 746 2381 ·
762 2363 810 2392 his
823 2363 868 2392 fu-

307 2418 359 2436 1'01’
372 2418 438 2447 lpse

229 2454 291 2486 Dat
308 2454 442 2491 veniam,
458 2461 506 2485 etc
509 2476 772 2486 .........
806 2456 841 2484 C.

277 2504 335 2545 34.
349 2507 421 2538 Νοη
436 2508 550 2550 hallia]
563 2506 730 2552 Emer-git.
743 2505 841 2539 Illud
851 2517 870 2539 a

1497 538 1542 574 35

902 664 1004 706 magis
1012 663 1169 705 respirare
1174 671 1323 705 possunt,
1335 663 1363 694 si
1371 662 1466 706 longe
1477 675 1542 695 non

903 718 1047 748 absumo
1059 727 1195 754 summo,
1206 724 1240 747 ue
1243 728 1318 759 Jam
1325 716 1463 760 jamque
1466 727 1545 759 pos-

904 770 969 800 sint
988 781 1166 812 emergere,
1184 769 1283 810 quum
1303 769 1333 800 si
1352 771 1447 800 etiam
1470 777 1547 800 tune

906 822 1046 853 essentia
1053 820 1224 863 profundo.
1232 821 1368 853 Diderot
1375 819 1476 853 aliter
1489 832 1549 854 ex-

905 873 1014 919 plicat
1023 873 1161 906 bullit-1
1163 885 1183 906 e
1190 872 1466 919 persiste‚inquit
1476 872 1550 912 ille,

910 944 924 957 ι
936 926 1019 960 c'est
1031 939 1068 960 se
1080 925 1260 968 debattre3
1275 928 1388 959 ebullit
1392 935 1549 970 patruum

910 981 1032 1023 -sunus
1043 982 1144 1025 (sup.
1156 987 1215 1013 sat.
1228 980 1266 1012 11
1275 1004 1287 1021 ‚
1301 993 1334 1013 v.
1347 981 1420 1024 xo),
1432 980 1549 1013 meme

910 1047 924 1060 ι
937 1031 1185 1077 signification.
1208 1030 1261 1064 Ici
1286 1032 1377 1063 bullit
1398 1038 1450 1064 est
1471 1042 1548 1064 em-

910 1101 924 1114 ·
937 1084 1042 1130 ploye
1058 1095 1152 1129 pour
1166 1085 1365 1116 tumultuari.
1380 1099 1395 1112 n
1413 1083 1456 1116 A.

957 1140 1012 1175 35.
1029 1144 1146 1185 Magne
1166 1150 1264 1183 pater
1282 1140 1428 1185 Divum-J
1451 1139 1552 1188 Post-

912 1196 1019 1240 quim
1029 1192 1312 1239 praecedentibus
1323 1190 1481 1227 ostendit
1492 1204 1554 1226 eos

913 1258 987 1280 eae
1024 1245 1140 1278 solum
1180 1245 1485 1278 commiseratione
1517 1252 1555 1278 et

914 1307 1124 1344 contemptu
1158 1297 1286 1344 dignos
1322 1307 1430 1330 nanas
1446 1322 1456 1335 ‚
1487 1298 1554 1344 qui

914 1351 1112 1398 ignorantia
1124 1350 1266 1385 virtutis
1277 1358 1442 1397 peccant,
1456 1349 1556 1384 ideo-

914 1417 985 1451 que
997 1414 1123 1447 stupent
1133 1406 1166 1436 in
1180 1406 1262 1436 vitio
1270 1417 1286 1442 ;
1301 1404 1339 1437 in
1355 1415 1415 1437 eos
1426 1404 1557 1437 acriter

913 1456 1094 1507 invehitur
1105 1481 1116 1498 ‚
1134 1455 1218 1502 qui,
1235 1455 1378 1501 cognita
1397 1455 1531 1490 virtute
1543 1479 1556 1496 ,

914 1521 991 1543 eam
1006 1508 1266 1549 deseruerunt,
1278 1516 1314 1542 et
1328 1508 1393 1541 hic
1409 1507 1556 1540 sublimi

912 1569 946 1594 et
970 1561 1258 1606 eloquentissima
1283 1572 1390 1606 prece
1411 1572 1555 1621 propo-

913 1614 1023 1647 situm
1048 1614 1207 1647 absolvit.
1235 1614 1455 1659 Interpretes
1477 1613 1554 1660 qui-

914 1666 995 1700 dam
1012 1666 1110 1699 hunc
1134 1666 1254 1699 locum
1281 1665 1453 1699 eximium
1473 1665 1558 1712 qui·

916 1719 1018 1759 dem,
1033 1717 1095 1752 sed
1116 1718 1272 1751 alienum
1297 1726 1332 1751 et
1353 1730 1447 1763 pene
1468 1717 1558 1752 ridi-

915 1771 1038 1804 culum
1059 1770 1291 1817 judicarunt3
1314 1772 1397 1804 cum
1423 1770 1461 1804 in
1492 1771 1560 1804 hac

916 1823 1017 1857 satira
1039 1822 1084 1856 de
1103 1823 1299 1869 juvenibus
1322 1821 1441 1856 adhuc
1462 1823 1559 1857 litte-

916 1888 1037 1909 rarum
1047 1875 1168 1909 studio
1178 1875 1473 1909 incumbentibus
1484 1888 1560 1922 aga·

917 1937 987 1962 tur.
999 1929 1044 1961 At
1052 1953 1062 1968 ,
1075 1928 1123 1969 si,
1134 1936 1175 1962 ut
1187 1928 1269 1962 satis
1280 1928 1473 1962 verisimile
1485 1937 1538 1962 est
1546 1953 1559 1970 ‚

918 1980 1014 2014 Nero
1030 1980 1142 2014 menti
1164 1983 1279 2026 poetae
1302 1980 1413 2014 suerit
1431 1980 1560 2014 obver-

918 2041 1037 2076 satus3
1060 2034 1112 2074 si,
1136 2042 1179 2067 ut
1204 2034 1336 2080 interp.
1363 2034 1456 2067 Gall.
1483 2035 1561 2066 Se'lis

917 2092 1013 2118 recte
1033 2084 1170 2125 innuit,
1188 2085 1254 2118 sub
1282 2097 1431 2130 persona
1451 2085 1561 2129 hujus

918 2136 1149 2170 adolescentis
1171 2137 1208 2170 in
1232 2137 1298 2170 hac
1320 2137 1422 2170 satira
1446 2137 1561 2169 intro-

919 2188 1041 2231 ducti,
1058 2190 1238 2223 Neronem
1259 2189 1377 2223 adhuc
1388 2191 1560 2235 juvenem

920 2241 1096 2288 designari
1122 2251 1159 2277 et
1185 2242 1280 2287 tangi
1297 2241 1451 2275 voluerit
1467 2266 1478 2282 ‚
1502 2240 1562 2274 cui

921 2303 957 2328 et
970 2294 1139 2329 desidiam
1152 2320 1163 2336 ‚
1178 2304 1215 2329 et
1229 2295 1358 2328 fastum
1368 2319 1379 2334 ,
1393 2302 1428 2327 et
1437 2305 1564 2327 vanam

919 2348 1204 2387 ostentationem,
1218 2346 1481 2391 dissolutosque
1490 2358 1566 2379 mo-

919 2412 999 2442 res,
1016 2410 1051 2434 et
1064 2400 1106 2433 ad
1122 2399 1291 2433 saevitiam
1308 2405 1415 2444 atque
1434 2398 1565 2433 scelera

920 2452 1071 2486 maxima
1083 2453 1153 2497 jam
1170 2462 1389 2497 propensum
1405 2450 1565 2485 animum

930 2504 1210 2550 exprobraverit,
1219 2512 1313 2537 tecte
1319 2502 1470 2550 quidem
1477 2527 1490 2544 ,
1502 2502 1566 2537 sed

232 2556 617 2593 misstoicismutuatus
627 2559 878 2598 estPersius‚ut
929 2557 1026 2597 aliis,
1044 2557 1107 2603 qui
1126 2558 1199 2603 jam
1222 2564 1414 2603 tyrannum
1434 2558 1468 2589 in
1493 2566 1566 2590 cute

234 2608 287 2646 Μ.
296 2609 436 2643 Tullius
446 2610 491 2645 de
500 2611 663 2651 Finibus,
675 2612 718 2645 ab
732 2609 856 2644 iisdem
867 2623 876 2643 ε

930 2620 1110 2648 noverant,
1133 2609 1225 2643 clare
1253 2617 1290 2643 et
1315 2617 1437 2655 aperte
1464 2609 1565 2652 satis;

239 2669 275 2695 ut
288 2663 347 2708 qui
364 2664 498 2701 demersi
510 2674 584 2699 sune
599 2667 633 2697 in
651 2676 762 2713 aqua,
780 2664 880 2699 nihilo
930 2661 1021 2701 nihil
1032 2661 1092 2697 illa
1103 2673 1232 2699 novem
1245 2673 1413 2701 versuum
1429 2661 1518 2699 serie
1530 2670 1568 2702 et
