1846 3184
322 304 403 357 148

667 303 723 346 A.
758 302 1002 346 PERSII
1041 303 1295 347 FLACCI

378 387 626 428 castoreum
637 417 650 438 ‚
669 396 813 444 stupas
826 419 838 439 ,
855 386 1043 428 ebenum
1055 418 1066 440 ‚
1083 386 1203 441 thus,
1217 387 1382 428 lubrica
1396 388 1505 429 Coa:

1599 392 1662 429 135

377 462 501 504 Tolle
518 477 665 504 recens
677 494 688 514 ‚
711 462 898 520 primus,
921 462 1045 520 piper
1065 477 1088 503 e
1107 462 1278 505 sitiente
1295 463 1482 505 camelo:

375 538 506 582 Verte
523 538 711 596 aliquid:
731 539 837 594 jura.
860 537 944 579 Sed
959 538 1127 596 Jupiter
1143 538 1302 581 audiet.
1323 539 1468 581 Eheu!

318 683 386 720 En,
402 692 459 713 me
477 678 637 713 voici.—-
651 678 739 720 Quid
755 682 880 722 agam?
897 679 966 719 Que

308 735 471 778 ferai-je?
481 733 649 775 Pourquoi
649 733 744 775 faire
749 732 941 775 ,2-Rogieas
949 736 966 762 ,ι’

323 790 356 817 V
352 800 408 819 0115
419 788 449 818 Ie
460 787 653 823 demandez,
669 783 788 830 inquit
797 782 967 817 avaritia?

319 842 421 871 ——En
433 840 625 881 superflum!
639 836 672 869 Ο
691 835 968 869 hominem,vilis

318 891 443 938 pretii;
451 891 633 925 hominem
644 889 795 923 similem
805 890 968 931 saperdae!

323 948 353 977 Ο
373 947 403 977 le
418 957 542 987 pauore
564 945 663 976 kere!
684 943 885 975 I'imbe'cille!
900 940 969 974 Vel

318 997 442 1044 potius
453 1023 463 1040 ,
481 1005 522 1030 ut
541 996 676 1037 nostri,
694 994 824 1029 triviali
836 992 946 1038 modo
958 1018 968 1035 ‚

321 1050 453 1085 dicunt
469 1063 476 1082 :
500 1051 593 1082 νοιἹὰ
620 1062 674 1082 ma
699 1048 972 1081 bete.-Advelze

319 1110 425 1138 Ponto
441 1114 618 1137 castoreum
629 1129 640 1143 ‚
655 1113 714 1136 etc.
730 1103 853 1149 Longe
868 1101 971 1135 aliter

321 1170 363 1192 ac
382 1170 447 1191 nos
464 1158 561 1191 hunc
578 1157 699 1191 locum
718 1156 897 1202 explicant
911 1154 971 1188 alii

321 1211 558 1258 interpretes;
574 1209 637 1243 sed
651 1208 807 1245 vividior
823 1217 875 1242 est
889 1220 972 1241 nos-

323 1273 379 1298 tra
399 1264 531 1311 dialogi
553 1264 681 1298 forma.
705 1263 898 1302 Praeterea,
920 1261 972 1302 si,

323 1327 367 1352 ut
386 1319 598 1360 Athenaeus,
617 1318 681 1351 lib.
703 1318 762 1350 ΙΙΙ
774 1342 785 1359 ,
802 1329 881 1363 cap.
906 1327 950 1348 20
963 1339 973 1356 ‚

323 1372 434 1405 refert
447 1397 458 1414 ‚
479 1373 638 1415 saperda,
659 1370 852 1404 Ponticum
871 1380 976 1415 opso-

323 1424 428 1458 nium
440 1449 450 1466 ‚
469 1424 538 1458 vile
564 1432 599 1458 et
628 1423 785 1470 ignobile
810 1421 976 1456 edulium

325 1486 438 1519 esset3
453 1490 527 1511 non
545 1477 628 1511 satis
643 1477 834 1524 perspicue
846 1474 953 1509 video
963 1497 974 1515 ,

327 1543 415 1573 cur,
440 1531 510 1565 hoc
537 1530 639 1572 loco,
659 1530 804 1564 avaritia
829 1528 976 1575 pigrum

326 1584 513 1618 excitasset
521 1609 531 1626 ‚
543 1582 588 1617 ad
599 1582 845 1617 arcessendam
855 1595 874 1616 e
885 1582 978 1615 Pon-

328 1646 367 1671 to
381 1646 455 1671 tam
467 1637 577 1672 vilem
591 1649 762 1678 mercem,
777 1649 883 1683 quam
894 1639 978 1683 jun-

327 1690 440 1724 xisset
450 1702 534 1723 cum
544 1698 714 1730 castoreo,
724 1689 870 1724 lubricis
880 1690 976 1733 Cois,

327 1743 749 1790 aliisquepretiosissimis
754 1744 872 1777 rebus.
880 1743 980 1778 Hanc

330 1797 548 1839 formulam,
566 1810 606 1830 en
627 1799 822 1840 saperdam!
842 1810 906 1843 ego
925 1798 981 1831 in-

328 1850 463 1897 juriam
481 1850 634 1896 accipio.
654 1850 725 1883 Alii
745 1850 874 1885 dicunt
891 1864 900 1884 τ
918 1853 980 1884 ad-

331 1905 409 1937 vehe
420 1906 589 1947 saperdam
602 1916 622 1937 e
633 1907 750 1943 Ponto,
764 1903 899 1940 advehe
912 1918 982 1938 cas-

333 1965 457 1990 toreum
465 1982 477 1996 ‚
492 1966 551 1989 etc.
562 1957 611 1989 Ἀ.

355 2022 357 2024 ’
385 2008 461 2044 135.
473 2011 679 2054 castoreum]
690 2010 777 2044 Vid.
792 2010 836 2045 ad
849 2012 981 2046 Juven.

335 2072 402 2099 sat.
434 2064 532 2104 XII,
551 2077 587 2098 v.
613 2062 671 2104 34.
687 2084 736 2090 —-
751 2069 875 2107 Stupas.
898 2065 982 2098 Pars

336 2116 403 2151 lini
415 2115 542 2150 cortici
553 2116 718 2162 proxima
726 2124 829 2162 stupa
838 2116 984 2150 dicitur.

338 2191 387 2197 —
398 2173 556 2203 Ebenum.
581 2171 699 2203 Arbor
723 2170 805 2203 satis
829 2178 926 2203 nota.
938 2191 985 2196 --

339 2225 482 2257 Lubrica
503 2226 578 2258 Coa.
599 2223 741 2258 Vinum
762 2223 879 2257 Coum
901 2236 986 2259 ven-

1018 683 1111 710 trem
1129 676 1268 711 laxabat
1281 703 1292 720 ‚
1311 677 1393 712 ideo
1412 677 1598 712 dicebatur
1617 682 1667 712 Iu·

1019 731 1141 762 bricam
1155 729 1287 764 Graecis
1298 730 1464 774 medicis,
1477 740 1513 765 et
1522 731 1667 766 Aristot.

1019 785 1232 818 Μαλακτικὸν
1247 810 1258 828 ‚
1276 785 1529 830 velrleavrtx'ov.
1554 785 1595 819 C.

1070 847 1085 868 1
1093 834 1150 868 36.
1169 838 1258 868 Tolle
1273 850 1393 876 recens,
1399 839 1534 881 primus,
1542 837 1666 881 piperi}

1021 887 1214 921 Anteverte
1243 888 1330 923 alios
1360 900 1575 925 mercatores
1591 915 1601 932 ‚
1631 898 1668 924 et

1018 954 1104 991 cave
1116 967 1127 984 ‚
1142 955 1188 976 ne
1201 942 1252 976 illi
1264 955 1554 991 praeoccupantes
1568 958 1669 992 ques-

1022 996 1082 1029 tus
1104 996 1326 1031 occasionem
1350 998 1570 1045 praeripiant.
1595 999 1668 1033 Ho-

1023 1049 1136 1083 ratius
1147 1074 1158 1091 ‚
1171 1049 1235 1082 lib.
1247 1050 1266 1083 I
1276 1075 1285 1090 ‚
1298 1050 1400 1096 epist.
1415 1052 1437 1084 6
1447 1075 1458 1092 ,
1473 1064 1506 1086 v.
1521 1050 1563 1085 32
1580 1064 1589 1084 z

1027 1137 1165 1146 .....
1179 1115 1259 1145 cave
1274 1123 1314 1142 ne
1331 1118 1440 1153 portus
1453 1120 1584 1153 occupet
1596 1113 1671 1144 alter

1023 1165 1072 1196 Ne
1082 1162 1255 1202 Cibyratica
1264 1184 1273 1199 ,
1287 1171 1327 1190 ne
1335 1161 1466 1200 Bithyna
1475 1161 1598 1202 negotia
1605 1171 1675 1201 per.-

1109 1211 1172 1240 das.

1026 1268 1206 1301 -Si‘tiente
1216 1265 1348 1298 camelo.
1360 1263 1443 1297 Non
1453 1263 1675 1310 simpliciten

1027 1318 1208 1366 πολυδιψίῳ
1222 1342 1232 1360 ,
1249 1317 1312 1353 sed
1335 1318 1400 1364 qui
1421 1318 1516 1352 sitim
1537 1317 1603 1352 diu
1622 1325 1676 1352 to-

1028 1375 1116 1408 lerat
1126 1400 1136 1416 ‚
1151 1373 1256 1407 etiam
1271 1370 1314 1405 ad
1327 1370 1572 1418 quatriduum.
1582 1370 1674 1404 Plin.

1027 1428 1092 1461 lib.
1108 1427 1203 1460 VIII
1216 1450 1226 1467 ‚
1243 1437 1321 1470 cap.
1341 1424 1396 1457 18.
1417 1423 1458 1457 P.

1078 1480 1159 1526 137.
1194 1481 1288 1510 Verte
1315 1478 1466 1520 aliquid]
1489 1472 1688 1523 ⁴Exprimitr

1028 1531 1257 1579 satagentium
1287 1538 1527 1564 mercatorum
1556 1529 1678 1563 omnia

1028 1599 1090 1634 spe
1101 1595 1137 1620 et
1147 1583 1314 1620 aviditate
1327 1582 1417 1616 lucri
1433 1582 1675 1616 molientium.

1028 1643 1210 1673 -Vereere
1217 1662 1227 1676 ‚
1238 1648 1309 1671 vox
1319 1635 1544 1682 agriculturae
1551 1661 1559 1668 .
1567 1635 1677 1669 Terra

1029 1692 1126 1726 enim
1141 1689 1296 1725 vertitur
1313 1686 1485 1721 fodiendo
1496 1713 1507 1729 ‚
1521 1687 1654 1722 arando
1666 1713 1678 1730 ‚

1032 1743 1209 1786 occando,
1218 1739 1433 1789 pastinando
1442 1765 1453 1781 ‚
1468 1749 1503 1775 et
1515 1741 1590 1775 aliis
1603 1753 1680 1775 mo-

1034 1798 1099 1833 dis.
1108 1801 1250 1830 -Jura.
1262 1793 1367 1828 Idem
1377 1805 1417 1827 ac
1428 1795 1548 1840 pejera
1557 1807 1567 1827 ε
1578 1807 1679 1834 nam,

1032 1850 1132 1886 haud
1146 1850 1302 1884 multum
1321 1847 1468 1881 interest
1482 1847 1578 1882 inter
1589 1860 1688 1895 saepe

1031 1907 1211 1952 jurantem
1238 1911 1274 1937 et
1296 1902 1529 1948 pejerantem.
1553 1901 1659 1935 Philo
1669 1927 1681 1944 ,

1032 1960 1054 1993 J
1057 1958 1120 1993 ud.
1141 1959 1178 1992 in
1195 1959 1260 1992 lib.
1279 1956 1324 1990 de
1347 1954 1472 1990 decem
1487 1955 1574 2002 legis
1590 1967 1682 2002 prae-

1034 2021 1129 2060 cept.
1148 2014 1268 2047 Φὺεται
1287 2013 1323 2046 ἐκ
1342 2010 1532 2056 πολυορκίοις
1547 2006 1683 2056 ψευδορ-

1035 2067 1092 2101 κίσι
1110 2066 1165 2100 καὶ
1186 2064 1463 2101 &offlam—Sed
1478 2063 1604 2105 Jupiter
1621 2073 1683 2094 au-

1036 2120 1111 2151 diet.
1131 2117 1298 2165 Objectio
1319 2115 1475 2151 hominis
1494 2114 1612 2148 adhuc
1629 2126 1685 2147 re·

1037 2171 1181 2216 ligionis
1203 2178 1302 2203 metu
1329 2169 1480 2208 retenti,
1502 2166 1548 2201 ad
1575 2179 1685 2214 quam

1040 2222 1157 2257 statim
1175 2221 1369 2269 respondet
1381 2221 1541 2256 avaritia.
1563 2220 1603 2254 C.

343 2367 462 2399 magna
475 2355 614 2387 varietas
630 2354 727 2385 codd.
746 2354 842 2385 inest.
854 2355 927 2385 Vct.
950 2352 1054 2384 schol.
1072 2354 1115 2383 Ee
1133 2351 1215 2393 quid
1231 2354 1355 2393 agam?
1367 2349 1523 2392 Rogitas?
1533 2349 1688 2391 saperdas

344 2409 466 2442 advehe
478 2410 591 2439 Ponto.
605 2409 653 2438 Ita
669 2406 805 2438 casaub.
824 2413 856 2438 et
876 2406 966 2437 editt.
986 2405 1192 2436 recentiores.
1210 2406 1259 2435 Ita
1276 2413 1411 2444 quoque
1428 2402 1502 2433 cod.
1519 2398 1559 2432 n⁰
1576 2402 1666 2433 8050
1678 2425 1688 2440 ,

346 2465 421 2496 cod.
433 2463 625 2499 Thuaneus,
635 2473 685 2492 en.
698 2473 730 2502 q.
738 2470 792 2503 ag.
804 2471 872 2503 rog.
885 2471 923 2491 en
939 2459 1064 2502 saperd.
1078 2458 1198 2489 adhibe
1209 2459 1321 2488 Ponto.
1330 2456 1434 2488 Codd.
1444 2455 1590 2488 Colbert.
1604 2457 1620 2486 1
1629 2478 1640 2495 ‚
1656 2464 1688 2486 et

346 2517 478 2549 Pithoei
499 2517 531 2546 II
543 2538 552 2553 ‚
567 2526 607 2545 en
632 2514 715 2555 quid
729 2524 826 2556 agam
837 2517 854 2544 Ρ
872 2514 998 2555 Rogat?
1016 2523 1055 2543 en
1072 2511 1224 2554 saperdas
1241 2508 1360 2541 advehe
1376 2511 1489 2539 Ponto.
1507 2509 1585 2539 Non
1604 2508 1690 2540 male

348 2582 494 2614 quoque.
509 2562 615 2601 Codd.
632 2569 788 2599 Mazarin.
808 2567 940 2598 Pithoei
953 2568 969 2597 1
978 2590 987 2605 ‚
1001 2566 1146 2598 Colbert.
1160 2567 1194 2596 11
1203 2587 1213 2603 ‚
1226 2565 1278 2595 111
1289 2586 1298 2601 ‚
1312 2570 1343 2594 et
1361 2562 1417 2594 alii
1431 2569 1468 2594 ut
1479 2573 1552 2593 nos.
1565 2563 1609 2593 At
1620 2561 1688 2593 vid.

351 2634 448 2665 supra
465 2622 752 2653 commentarium.
766 2621 849 2653 Cod.
862 2627 994 2652 noster:
1009 2631 1048 2651 en
1060 2631 1092 2661 q.
1103 2630 1153 2662 ag.
1166 2617 1259 2661 rogit.
1277 2628 1316 2648 en
1328 2616 1464 2658 sarpeda
1477 2615 1608 2648 advehe.

399 2705 439 2733 V.
463 2715 475 2733 1
485 2706 537 2744 37.
555 2701 667 2737 Eheu.
682 2703 798 2738 .Codd.
813 2702 912 2736 multi
922 2725 932 2743 ‚
945 2702 1030 2736 heu!
1044 2701 1126 2734 lieu!
1141 2707 1321 2743 utrumque
1331 2698 1427 2731 bene.
