1846 3184
681 274 1063 318 SATI‘RA'IV.

1456 292 1537 334 1⁰9

268 359 523 419 Inguinibus
546 369 678 415 quare
698 356 886 399 detonsis
907 356 1109 415 gurgulio
1131 366 1263 398 exstat
1279 356 1299 397 Ρ

267 435 471 490 Quinque
486 430 719 490 palaestritae
738 431 837 473 licet
855 431 946 473 haec
964 431 1172 489 plantaria
1187 432 1369 485 vellant,

263 509 491 566 Elixasque
511 518 629 550 nates
650 508 904 550 labefactent
922 507 1089 566 'forcipe
1111 506 1276 550 adunca
1289 539 1302 561 ‚
1411 520 1421 530 ⁸
1495 520 1539 556 40

262 585 364 628 Non
385 595 526 627 tamen
543 585 620 626 ista
640 583 731 626 filix
754 584 845 627 ullo
867 585 1123 626 mansuescit
1142 596 1302 646 aratro.-

261 659 494 713 Caedimus,
511 659 647 717 inque
663 661 800 703 vicem
817 660 1057 718 praebemus
1074 675 1198 702 crura
1215 661 1391 719 sagittis.

263 734 436 779 Vivitur
458 736 543 778 hoc
567 745 703 793 pacto.
726 736 796 778 Sic
820 736 1029 778 novimus.
1052 736 1131 776 flia
1150 735 1295 778 subter

207 863 351 911 gausapi
379 862 472 899 villis
499 861 648 897 horrido
670 887 682 906 ‚
711 875 778 896 nec
813 862 847 897 ei

207 916 435 963 pectinibus,
454 927 520 950 nec
540 915 732 962 unguentis
754 927 848 962 opus

207 977 262 1003 est
274 982 284 1002 ι
297 969 532 1016 quamobrem
545 967 589 1001 ad
602 980 739 1002 comam
751 967 851 1002 semi·

207 1027 345 1062 tonum
357 1044 369 1060 ,
384 1018 541 1065 ideoque
557 1018 764 1052 horrentem
774 1042 787 1060 ‚
804 1018 852 1051 ri·

208 1071 327 1119 gidam
336 1079 371 1105 et
379 1071 522 1118 gansapi
537 1070 687 1104 similem
696 1083 735 1104 ea
744 1070 850 1105 verba

208 1134 295 1160 sunt
313 1124 511 1159 referenda.
528 1124 756 1159 A.-Malim
773 1125 849 1158 haec

210 1178 420 1224 simpliciter
430 1177 579 1224 intelligi
591 1176 637 1211 de
648 1185 745 1211 veste
755 1177 849 1210 villis

210 1231 318 1273 hirta,
331 1232 402 1277 qua
414 1231 608 1265 utebantur
615 1229 716 1263 Rom.
728 1229 765 1263 in
778 1229 851 1262 bal-

210 1283 298 1324 neis,
305 1296 484 1330 quamque
493 1283 644 1317 maxillis
652 1283 851 1329 pectabant,

211 1344 248 1369 et
261 1335 451 1382 unguentis
462 1333 736 1382 perfundebant.
751 1335 852 1368 Inter

210 1387 273 1421 bas
286 1396 357 1421 tam
370 1387 527 1422 diversas
543 1386 734 1421 sententias
746 1386 851 1432 eligat

208 1440 336 1474 lector.
356 1439 396 1473 F.
412 1440 456 1473 D.

233 1534 237 1537 ι
258 1493 317 1527 38.
341 1495 522 1538 ¹Gufflulio]
547 1492 696 1539 Proprie
723 1504 849 1526 carun-

210 1546 291 1580 cula
311 1546 393 1588 illa,
416 1546 473 1579 vel
495 1545 683 1579 columella
704 1557 784 1591 quae
812 1545 850 1578 in

210 1599 285 1634 fine
301 1599 433 1646 palati
422 1608 519 1633 inter
538 1598 696 1633 tonsillas
715 1597 848 1644 depen-

212 1651 273 1687 det
297 1652 418 1698 (Gall.
445 1654 479 1685 Ia
506 1654 603 1685 luente
616 1653 655 1697 )·
676 1650 851 1697 significat

211 1705 315 1739 etiam
330 1704 596 1746 curculionem,
609 1716 767 1739 vermem
778 1703 852 1738 fru-

212 1757 341 1792 mentis
358 1757 566 1799 immicum,
583 1769 620 1790 se
640 1756 851 1790 contrahen-

212 1817 285 1843 tem
297 1810 430 1856 pariter
438 1817 474 1843 et
484 1808 735 1843 extendentem
747 1821 755 1841 ε
767 1807 852 1842 inde

213 1862 356 1896 Persius
395 1862 635 1908 metaphorice
670 1861 719 1895 sic
751 1869 853 1895 vocat

214 1915 418 1949 membrum
433 1915 535 1950 virile
547 1940 558 1956 ‚
577 1914 786 1948 mentulam.
808 1915 851 1947 L.

262 1976 318 2021 39.
333 1978 482 2019 Quinque
487 1978 686 2019 palaestritoe,
696 1978 769 2020 eta]
781 1977 856 2009 Iro-

215 2026 275 2060 nia
288 2026 535 2060 amaritudinis
552 2026 670 2073 plena.
686 2025 830 2060 Frustra
842 2051 854 2068 ,

213 2078 354 2124 inquit,
367 2091 513 2125 operam
525 2077 713 2125 impendis.
725 2079 857 2120 Quam·

213 2131 268 2165 vis
278 2131 374 2165 enim
379 2132 437 2165 vel
447 2132 610 2178 quinque
618 2131 856 2166 robustissimi

214 2181 412 2230 palaestrit'ae
429 2191 465 2217 et
481 2184 621 2218 athletae
634 2209 645 2225 ‚
659 2184 716 2219 vel
735 2184 855 2231 potius

208 2235 423 2284 ,δ’ρυπωιιςαὶ
441 2238 708 2285 ἐρῥωμενέςατοι,
725 2239 780 2273 καὶ
796 2243 854 2278 τῆς

215 2291 337 2324 {aurbs
363 2292 478 2334 τέχνης
506 2290 551 2323 τὰ
581 2295 697 2337 πρῶτα
712 2315 722 2328 ,
748 2291 855 2337 pubis

216 2343 253 2374 'et
278 2341 445 2375 mentulae
472 2341 645 2387 plantaria
672 2350 829 2388 purgent
842 2367 854 2384 ‚

211 2392 340 2439 ibique
372 2394 464 2440 pilos
498 2402 534 2428 et
565 2403 655 2428 setas
685 2403 856 2441 tanquam

216 2443 342 2479 herbas
359 2446 505 2480 inutiles
527 2447 675 2482 evellere
699 2455 855 2489 tentent;

899 875 973 897 non
992 871 1111 896 tamen
1127 862 1181 896 illi
1199 863 1287 909 pili,
1310 862 1540 910 quemadmo-

900 915 1070 950 dumfilix
1083 916 1121 949 in
1134 928 1218 962 agro
1227 929 1307 962 quae
1321 924 1435 950 aratro
1447 929 1544 950 man·

901 969 1032 1006 suescit
1040 994 1051 1010 ‚
1065 970 1210 1015 penitus
1220 969 1496 1015 extirpabuntur
1507 979 1542 1003 et

901 1020 1439 1056 eradicabuntur.—Paloeseritoe.
1454 1022 1545 1055 Vul-

901 1087 947 1120 go
960 1075 996 1108 in
1010 1074 1171 1121 palaestra
1181 1075 1366 1109 exercitati
1378 1074 1542 1115 athletae‚

900 1128 970 1162 hoc
985 1128 1082 1169 loco,
1098 1126 1306 1174 ὃρωπωιιςαὶ
1320 1136 1473 1175 possunt
1490 1128 1544 1161 in-

902 1180 1012 1227 telligi
1022 1180 1155 1227 quibus
1164 1180 1257 1226 pilos
1271 1180 1449 1214 evellendi
1459 1191 1544 1213 eura

902 1239 977 1264 erat
998 1230 1037 1263 in
1060 1230 1209 1264 balneis.
1223 1232 1461 1264 —Plantaria.
1475 1232 1543 1272 Τὰς

903 1285 1027 1330 τρίχας.
1049 1284 1090 1318 C.
1108 1292 1143 1318 et
1159 1285 1201 1317 L.

949 1339 1005 1375 40.
1024 1337 1202 1379 Eliaeasque
1218 1338 1333 1380 natea]
1350 1336 1455 1370 Nates
1469 1344 1546 1370 tuas

901 1387 1051 1423 assiduis
1063 1388 1196 1422 balneis
1211 1401 1304 1435 pene
1318 1389 1427 1422 elixas
1439 1413 1451 1431 ,
1466 1401 1545 1423 eoc-

902 1449 967 1476 tas.
985 1461 1033 1467 —
1048 1442 1273 1485 Labqfactent.
1305 1441 1439 1476 Dolore
1469 1442 1545 1476 affi-

902 1494 1020 1536 ciant;
1036 1502 1071 1527 et
1087 1494 1168 1540 pilis
1185 1493 1352 1540 spolient.
1369 1494 1408 1527 L.

949 1551 1008 1587 41.
1035 1548 1109 1579 Non
1134 1556 1241 1579 tamen
1263 1548 1324 1579 ista
1335 1548 1442 1593 fili-t,
1464 1549 1546 1591 eta]

901 1600 995 1633 Vera
1012 1598 1093 1633 filix
1114 1607 1230 1633 aratro
1255 1599 1468 1633 mansuescit
1479 1624 1491 1641 ‚
1508 1599 1547 1632 id

903 1659 955 1685 est
963 1675 975 1692 ‚
987 1651 1134 1697 penitus
1146 1651 1320 1697 extirpata
1332 1651 1415 1684 sinit
1424 1663 1461 1685 se
1470 1651 1548 1685 vin-

903 1705 955 1748 ci;
972 1716 1103 1738 eavero
1117 1704 1163 1738 de
1177 1716 1248 1750 qua
1258 1705 1367 1738 sentit
1379 1704 1547 1751 ἀλληγορι-

903 1762 967 1796 κῶς
978 1780 990 1798 ‚
1005 1757 1095 1788 nullo
1107 1758 1298 1789 mansuescit
1307 1766 1430 1789 aratro.
1451 1758 1493 1792 C.

952 1812 1010 1850 42.
1027 1811 1182 1842 Caedimus
1189 1834 1202 1848 ,
1217 1811 1316 1852 inque
1326 1811 1454 1848 vicem,
1471 1809 1543 1854 eta]

904 1860 974 1894 Hic
996 1864 1102 1907 poeta
1128 1862 1356 1908 propositum
1382 1861 1546 1896 absolvit.

906 1914 1039 1948 Omnes
1051 1914 1090 1948 in
1103 1914 1254 1948 aliorum
1269 1915 1379 1949 vitam
1396 1915 1550 1961 inquiri-

905 1980 986 2001 mus
1007 1976 1043 2001 et
1066 1967 1199 2014 flagitia
1219 1969 1333 2003 aliena
1352 1969 1549 2015 reprehen-

907 2019 1046 2064 dimus;
1073 2029 1109 2054 et
1133 2020 1218 2055 inde
1248 2021 1449 2067 praebemus
1474 2021 1550 2054 aliis

906 2085 1027 2106 ansam
1063 2082 1182 2106 nostra
1209 2071 1400 2108 vellicandi
1412 2097 1423 2114 ,
1451 2071 1550 2119 quod

906 2124 1074 2158 lubenter
1097 2125 1243 2159 faciunt.
1270 2125 1394 2158 Horat.
1421 2126 1482 2165 11,
1504 2137 1522 2157 2
1540 2137 1548 2155 ε

906 2185 1073 2222 Cadimur,
1087 2193 1117 2215 et
1137 2186 1267 2216 totidem
1285 2186 1383 2227 plagis
1399 2187 1551 2216 consumi-

946 2244 1014 2263 mus
1027 2233 1158 2263 hostem.

907 2286 1128 2333 Hujusmodi
1142 2287 1458 2333 igiturhycmd'mg
1469 2311 1480 2328 ‚
1493 2286 1551 2319 alii

905 2337 1552 2384 aliorumprobrapublicamus-ssed..

956 2395 1012 2436 43.
1040 2397 1163 2427 Vivitur
1183 2396 1243 2426 Ιιοσ
1261 2393 1382 2438 pacta]
1406 2393 1491 2427 scil.
1509 2403 1553 2428 ut

909 2455 1077 2481 notemus
1094 2456 1130 2481 et
1142 2446 1298 2481 vicissim
1315 2454 1553 2480 notemur.—

265 2565 307 2594 V.
327 2564 379 2594 38.
397 2564 551 2595 Detonsis.
568 2566 619 2595 Ita
632 2564 704 2595 cod.
719 2570 830 2594 noster
842 2570 876 2594 et
891 2570 957 2594 tres
972 2563 1037 2593 alii.
1050 2563 1165 2594 caeteri
1174 2585 1184 2600 ,
1197 2563 1352 2595 detonsus.
1367 2564 1554 2607 Elegmtior

220 2623 333 2647 nostra
349 2616 481 2648 videtur
496 2617 833 2659 lectio.-—-Gurgulio.
856 2618 905 2647 Ita
928 2617 1022 2648 codd.
1044 2616 1094 2648 ed.
1112 2623 1174 2649 vet.
1196 2618 1316 2650 Britan.
1334 2619 1478 2662 cur-gulia
1492 2630 1553 2661 pro

224 2668 383 2707 curculio,
397 2675 471 2710 φιτ
489 2669 573 2701 forte
592 2677 660 2701 erat
676 2670 819 2711 genuina
836 2669 944 2700 lectio.
