1846 3184
685 274 975 322 SATIRA
987 276 1044 319 V.

1460 279 1543 334 159

262 363 486 432 Portantes
501 359 656 414 violas,
677 358 946 418 rubrumque
965 352 1162 416 amplexa
1182 358 1375 401 catinum

262 439 408 485 Gauda
426 425 543 481 nant
563 437 719 495 thynni
731 468 744 490 ,
765 446 904 479 tumet
923 434 1026 478 alba
1043 433 1188 477 fidelia
1207 435 1339 477 vino·
1326 467 1340 488 ‚

263 516 401 559 Labra
417 529 562 557 moves
578 514 731 556 tacitus
741 513 1034 571 ,recutitaque
1050 511 1225 554 sabbata
1237 511 1414 570 palles.

203 665 308 702 nque
328 652 601 700 disponuntur,
622 650 687 686 sed
710 649 851 686 diversa

204 716 281 745 erat
295 708 527 743 lucernarum
542 714 705 741 veterum
721 704 848 752 figura.

202 765 331 798 Aenea
348 761 446 796 enim
462 759 672 807 etpensiles
691 767 793 803 erant
814 765 851 792 et

204 814 378 852 catenulis
389 812 710 861 suspendebantur.
717 811 852 846 Earum

205 877 242 904 et
256 868 494 903 maximarum
514 865 716 913 complures
729 864 852 899 videre

204 922 289 957 licet
301 921 340 955 in
348 917 487 956 lsusaeo
495 920 619 966 Antiq.
627 918 854 953 Bibliot.1m·

206 974 338 1022 perial.
347 981 511 1008 servatas.
530 972 636 1006 Hunc
648 979 766 1006 autem
776 983 855 1005 mo-

206 1040 284 1063 rem
293 1028 357 1075 qui
366 1027 472 1061 etiam
483 1025 529 1060 ad
536 1025 756 1060 Christianos
764 1032 858 1058 tran-

206 1078 858 1127 siigdelampadesetlucernasfestis

209 1133 339 1168 diebus
355 1130 578 1172 accendendi
586 1156 598 1174 ,
612 1129 757 1165 damnat
769 1131 859 1165 Lac-

209 1186 364 1229 tantius,
377 1185 443 1220 lib.
457 1185 536 1227 VI,
552 1197 631 1231 cap.
647 1197 667 1218 2
681 1196 691 1217 :
707 1187 858 1217 naccam

209 1242 333 1284 opimas
344 1241 526 1287 etpiugues
539 1238 660 1272 hosn‘as
675 1241 745 1271 Deo
760 1239 858 1282 quasi

209 1292 594 1336 esur-femiffprofhndunt
600 1294 686 1325 vina
696 1301 855 1335 tanquam

209 1347 352 1385 sitienti,
368 1345 555 1382 'accendunt
571 1346 696 1378 Iumina
712 1346 835 1378 velue
821 1358 855 1377 ιιι

211 1400 350 1432 ωηεόνίε
365 1399 485 1443 agenti.
503 1399 558 1432 De
578 1409 622 1432 eo
640 1409 761 1440 more,
776 1395 854 1432 vid.

211 1451 346 1486 Juven.
355 1458 420 1485 sat.
430 1450 525 1493 XII,
535 1463 573 1484 v.
584 1462 644 1496 9²·
654 1450 746 1485 Just.
754 1450 854 1497 Lips.

212 1503 327 1547 Elect.
343 1504 362 1537 1
374 1528 386 1545 ,
403 1515 481 1550 cap.
502 1502 544 1546 3,
564 1507 601 1538 et'
616 1503 716 1537 alios.
734 1504 779 1536 A.

263 1556 344 1591 182.
373 1560 543 1596 Por-tames
572 1556 710 1602 violas]
739 1555 858 1590 Graeci

214 1610 407 1657 scriptores
415 1609 689 1644 celebrationem
699 1607 771 1643 diei
781 1609 861 1643 sesti

214 1663 356 1698 duabus
371 1663 428 1697 bis
438 1663 588 1697 vocibus
605 1662 790 1710 designare
806 1675 862 1696 so-

214 1718 294 1753 lent
305 1742 318 1759 ‚
336 1717 420 1763 φωσὶ
438 1717 494 1752 καὶ
507 1717 719 1763 ςεφανώμασι
729 1741 741 1759 ,
751 1717 862 1750 lumi·

215 1770 326 1804 nibus
350 1777 386 1804 et
411 1769 680 1804 coronamentis.
704 1768 863 1802 Corona-

216 1823 307 1865 lnnt
342 1831 463 1856 autem
495 1834 571 1855 aras
606 1831 643 1856 et
676 1821 864 1855 simulacra

219 1876 408 1915 Deorum,
429 1884 467 1908 et
497 1875 598 1911 fores‘
616 1874 834 1920 templorum
852 1897 863 1913 ,

221 1937 258 1964 et
278 1930 403 1976 januas
432 1926 625 1961 domorum
638 1953 650 1970 ‚
675 1939 758 1974 rquae
784 1925 866 1960 ideo

221 1982 396 2017 dicuntur
417 1984 439 2016 (ι’
459 1980 685 2015 Tertulliano
703 1982 868 2013 >lauream

222 2044 261 2070 et
284 2037 462 2068 lucernata
479 2058 492 2073 ,
519 2033 571 2066 lib
601 2033 641 2068 11
656 2058 668 2074 ‚
697 2031 743 2066 ad
775 2044 866 2066 uxo-

222 2100 321 2130 rem,
345 2099 426 2133 cap.
452 2088 488 2120 6.
514 2085 586 2120 Sed
603 2111 614 2128 ,
638 2092 768 2131 praeter
791 2085 867 2119 lau-

222 2153 330 2182 rum,
342 2139 454 2174 flores
480 2139 587 2173 etiam
607 2139 694 2172 alios
719 2137 868 2172 adhibe-

222 2194 331 2235 bant,
341 2205 385 2227 ac
398 2192 580 2240 praecipue
590 2192 716 2226 violas.
736 2192 759 2225 J
760 2204 866 2226 uven.

223 2253 292 2289 qut.
314 2244 411 2286 XII,
431 2256 491 2289 9⁰·
505 2241 553 2269 -'-—
566 2246 775 2286 Rubrumque
797 2255 870 2275 am-

218 2300 325 2345 ple-ta
336 2299 479 2331 catinum
488 2322 500 2336 ,
512 2299 619 2330 cauda
634 2305 732 2329 natat
742 2298 868 2339 thynni.

226 2351 307 2385 Jam
319 2350 367 2386 de
379 2350 550 2385 conviviis
567 2350 732 2396 loquitur
743 2350 788 2383 ab
800 2349 872 2383 He-

227 2403 386 2438 rodianis
400 2428 412 2444 ‚
438 2404 509 2438 hoc
538 2402 618 2445 die,
643 2403 809 2450 peractis.
828 2423 875 2428 ——

231 2459 344 2490 Gauda
370 2459 496 2504 Thlmii
519 2465 573 2491 est
600 2459 723 2503 eupasia*
736 2481 747 2498 ,
773 2455 875 2502 quod

231 2520 364 2551 nomen
397 2505 437 2544 et*
460 2522 574 2556 genus
604 2508 804 2542 salsamenti
831 2519 876 2540 ex

234 2559 402 2595 Atheneo
422 2569 459 2596 et
484 2561 602 2595 Plinio
627 2559 710 2594 satis
733 2566 873 2592 notum.

224 2632 282 2644 -—
289 2614 399 2645 Natat.
428 2614 475 2648 In
502 2616 585 2661 jure
614 2611 815 2647 conditum.
831 2630 877 2637 —-

240 2667 439 2699 Rubrum....
469 2669 625 2700 catinum.
656 2665 849 2700 Miniatum
866 2689 877 2708 ,

901 662 964 684 seu
982 661 1002 684 e
1019 658 1115 684 terra
1133 649 1256 684 rubra.
1279 643 1399 684 Catini
1416 656 1454 684 et
1469 662 1550 685 vasa

901 703 1039 746 fictilia,
1047 703 1178 750 quihus
1185 703 1274 737 Rom
1278 702 1338 737 ani
1343 703 1550 742 utebantur,

902 757 1077 803 pleraque
1095 756 1208 790 rubro
1227 756 1346 790 colore
1364 764 1465 791 erant
1477 781 1489 798 ,
1508 765 1551 790 ut

902 809 1013 844 hodie
1039 818 1124 845 sunt
1150 809 1203 843 illi
1244 821 1334 856 quos
1357 809 1552 857 antiquarii

904 870 1046 896 servant
1060 887 1072 904 ,
1104 873 1269 908 quosque
1296 869 1425 895 vocant
1456 875 1553 895 νακο-

906 916 1080 958 etr-usquec-
1100 912 1186 948 Vid.
1202 914 1295 948 Mus.
1311 913 1435 961 Antiq.
1455 914 1551 948 Bibl.

908 968 1043 1014 Imper.
1061 967 1102 1002 C.
1117 976 1153 1002 et
1167 969 1213 1002 A.

960 1020 1037 1056 183.
1068 1025 1182 1055 Tumet
1200 1023 1410 1069 alba-fidelia
1432 1023 1553 1067 vium]

909 1075 1019 1110 Plena
1037 1075 1111 1109 scil.
1133 1074 1272 1115 fidelia,
1291 1087 1351 1110 vas
1375 1075 1555 1110 vinarium

910 1140 957 1162 ex
973 1128 1107 1174 argilla.
1123 1126 1211 1161 vid.
1226 1135 1291 1162 sat.
1306 1128 1389 1171 111,
1406 1141 1438 1163 v.
1454 1141 1518 1163 aa.

956 1182 1036 1222 184.
1065 1184 1176 1214 Labra
1202 1195 1303 1214 renoves
1329 1181 1470 1228 alcima]
1495 1181 1556 1216 Tu

906 1234 1202 1280 superstitiosus,
1220 1242 1256 1268 te
1271 1234 1294 1267 J
1296 1232 1434 1271 udaeis
1422 1234 1558 1268 immis-

907 1299 989 1328 ces,
1012 1287 1052 1320 in
1081 1299 1207 1321 eorum
1237 1286 1471 1347 proseuchis,
1494 1299 1557 1321 seu

907 1340 1201 1388 precationibus,
1225 1348 1261 1374 et
1294 1352 1380 1378 cum
1403 1340 1454 1374 eis
1477 1347 1560 1375 vota

909 1404 1095 1428 murmure
1126 1393 1235 1428 tacito
1264 1392 1447 1440 concipies
1472 1406 1482 1426 :
1510 1393 1561 1427 sic

908 1445 1057 1492 Prateus
1075 1454 1111 1480 et
1125 1445 1275 1480 casaub.
1290 1445 1368 1493 Ego
1382 1457 1467 1480 vero
1484 1445 1560 1480 haec

909 1499 1092 1546 intelligor,
1106 1511 1180 1533 non
1196 1507 1267 1533 tam
1283 1498 1330 1533 de
1342 1499 1436 1533 votis
1451 1501 1560 1546 quam

909 1551 956 1586 de
969 1552 1238 1599 precationibus
1250 1560 1286 1597 et
1297 1551 1443 1599 psalmis
1456 1564 1561 1598 quos,

913 1615 1046 1641 stantes
1057 1632 1067 1649 ,
1087 1606 1166 1641 talis
1182 1606 1312 1641 leviter
1329 1614 1460 1640 terram
1476 1605 1563 1652 pul-

915 1668 1032 1694 santes
1047 1685 1058 1701 ,
1085 1659 1236 1693 recitant
1249 1684 1261 1701 ‚
1292 1667 1328 1692 et
1356 1658 1455 1692 labra
1485 1665 1564 1692 tan'-

916 1721 997 1747 tum
1024 1720 1207 1746 moventes
1222 1736 1233 1753 ,
1255 1719 1297 1745 ut
1324 1711 1478 1758 ipsemet
1499 1723 1564 1745 sa-

915 1778 959 1810 pe
981 1766 1111 1812 saepius
1135 1765 1174 1799 in
1199 1777 1328 1799 eorum
1355 1764 1566 1812 proseuchis

917 1819 1015 1852 testis
1034 1817 1120 1853 vidi.
1144 1819 1188 1851 A.
1201 1819 1468 1861 -Recueitaque
1489 1820 1566 1850 sab-

919 1876 996 1906 bata
1021 1875 1141 1916 palles.
1176 1871 1271 1906 Cum
1306 1869 1442 1905 Judaeis
1478 1871 1566 1905 colis

918 1927 1084 1968 sabbata,
1101 1934 1279 1966 tremens,
1298 1934 1336 1960 et
1358 1923 1490 1959 stolide
1504 1937 1568 1958 se-

918 1980 1077 2026 ligiosus.
1084 1980 1228 2022 Quanta
1237 1987 1358 2013 autem
1369 1991 1453 2012 cum
1466 1977 1570 2013 sedu-

918 2033 1039 2076 litate,
1058 2034 1152 2068 sorte
1174 2034 1280 2068 etiam
1297 2033 1408 2067 nimia
1419 2058 1430 2074 ,
1449 2031 1569 2066 Judaei

919 2087 1061 2121 sabbata
1078 2099 1221 2134 semper
1237 2086 1417 2121 coluerint
1427 2113 1437 2127 ‚
1452 2086 1569 2120 omni-

920 2139 990 2174 bus
1002 2142 1350 2176 notum.-Recutita.
1358 2140 1565 2187 Hypallage.

921 2192 943 2226 J
945 2191 1039 2226 udaei
1051 2192 1199 2226 recutiti
1213 2191 1426 2225 dicebantur
1438 2190 1486 2223 ob
1501 2191 1568 2223 cir-

922 2245 1113 2279 cumcisam
1128 2243 1300 2290 praeputii
1318 2243 1463 2288 pellem.
1484 2242 1542 2275 Sic
1558 2266 1570 2283 ,

923 2306 959 2332 et
970 2291 1119 2331 Horatio
1133 2298 1155 2331 J
1157 2296 1279 2330 udaeus
1300 2295 1433 2328 dicitur
1444 2297 1571 2338 apella,

924 2351 1046 2392 idest,
1061 2352 1137 2384 sine
1150 2350 1257 2396 pelle.
1262 2350 1423 2381 -Palles.
1433 2348 1572 2394 Nempe

926 2405 973 2437 ob
1000 2412 1138 2437 metum
1166 2401 1489 2448 superstitionum,
1510 2414 1575 2436 seu

926 2456 974 2489 ob
1000 2454 1231 2501 squalorem,
1254 2461 1291 2487 et
1319 2453 1477 2488 cinerem
1500 2466 1575 2500 qno

928 2509 980 2541 illi
999 2520 1036 2541 se
1058 2506 1341 2552 conspergebant
1364 2507 1403 2540 in
1425 2506 1574 2567 quibus-

929 2561 1011 2594 dam
1027 2560 1103 2593 aliis
1116 2560 1227 2593 sestis.
1242 2558 1332 2601 Quae
1349 2561 1468 2594 omnia
1479 2559 1575 2595 ridet

928 2611 1109 2662 ,luvenalis
1127 2635 1138 2652 ,
1168 2618 1233 2644 sat.
1265 2611 1373 2655 XIV,
1392 2624 1432 2649 v.
1455 2612 1515 2658 96.
1540 2619 1575 2647 et

930 2663 1072 2698 Persius
1085 2688 1096 2707 ‚
1112 2663 1186 2698 hic.
1200 2666 1239 2699 C.
1253 2671 1289 2698 et
1301 2663 1342 2697 P.
