1846 3184
321 309 400 353 302
563 309 610 352 C.
651 309 922 354 LUCILII
962 311 1385 356 FRAGMENTA

858 396 898 432 X
910 397 949 433 X
961 399 1000 434 X
1012 398 1031 433 Ι
1043 398 1061 434 Ι
1074 399 1103 433 Ι.

373 459 555 508 Tyroneo
577 466 616 496 et
631 471 712 496 non
729 460 930 498 mortifero
945 461 1108 500 affectus
1126 461 1295 508 vomica,
1313 469 1352 499 et
1366 459 1539 499 vulnere.

876 534 915 570 X
930 533 968 569 X
978 534 1018 570 X
1027 534 1048 570 I
1057 535 1106 571 V.

373 596 516 644 Magno
530 622 540 639 ,
559 602 601 631 et
618 606 699 631 non
716 595 857 646 magna
871 595 1051 634 mercede
1061 626 1073 644 ‚
1091 609 1231 649 magno
1251 596 1412 648 quidem
1427 589 1673 634 conduxeris.

899 668 939 703 X
949 668 989 704 X
999 669 1096 705 XV.

374 733 421 768 In
442 727 573 767 mellis
592 743 701 782 spem
721 744 802 770 esse
822 745 979 771 omnem
991 762 1002 780 ‚
1022 733 1163 785 quovis
1181 746 1336 785 possem
1350 735 1510 786 emungi
1525 733 1631 772 volo.

512 791 515 796 '
879 804 1107 841 XXXVL

374 866 464 902 Non
479 865 625 903 rediret
638 866 688 903 ad
706 880 746 904 se
758 895 769 914 ,
789 875 907 919 atque
926 868 1035 906 illam
1053 867 1327 906 exterminaret
1339 869 1533 907 miseram.

875 939 914 976 X
925 941 966 977 X
978 941 1018 977 X
1028 941 1062 976 V
1071 940 1090 975 I
1101 940 1135 975 Ι.

377 1000 479 1037 Nato
501 1000 600 1052 quid
621 1009 753 1039 actum
772 1003 857 1040 est?
875 1002 1038 1055 depilati
1058 1015 1195 1041 omnes
1215 1015 1363 1041 sumus.

853 1077 895 1113 X
906 1076 945 1112 X
958 1076 998 1113 X
1007 1077 1043 1112 V
1053 1076 1072 1112 1
1085 1077 1103 1112 1
1115 1076 1146 1112 Ι.

379 1135 589 1183 Dividant,
605 1136 810 1185 disserant,
830 1138 1043 1190 dissipent,
1062 1138 1288 1177 distrahant.

879 1211 919 1246 X
931 1212 974 1249 X
985 1212 1025 1248 X
1037 1212 1055 1247 Ι
1068 1211 1118 1247 X.

383 1271 577 1323 Colligere
596 1273 786 1311 auxilium
800 1302 810 1320 ‚
833 1275 987 1312 tametsi
1005 1282 1063 1312 est
1079 1274 1285 1326 indignum
1299 1281 1346 1312 ut
1360 1274 1491 1312 feram.

953 1347 994 1383 X
1004 1347 1048 1384 L.

383 1407 599 1445 Favitorem
615 1421 679 1446 me
697 1409 789 1455 tibi,
808 1409 981 1447 amicum
995 1439 1006 1457 ,
1025 1418 1237 1448 amatorem
1254 1418 1381 1461 putes.

944 1483 983 1518 X
995 1484 1027 1519 L
1036 1483 1067 1518 Ι.

389 1543 443 1580 Ut
459 1556 566 1580 nunc
584 1543 658 1581 hac
676 1558 718 1582 re
737 1544 834 1581 mihi
855 1557 973 1595 opem
990 1553 1108 1596 atque
1127 1545 1319 1583 auxilium
1337 1544 1488 1583 offeras.

927 1618 1084 1653 XLIL
1161 1660 1164 1663 ,

387 1680 468 1716 Vos
486 1678 630 1717 interea
648 1679 783 1719 lumen
801 1680 949 1718 auferte
962 1710 973 1727 ‚
993 1688 1112 1732 atque
1130 1680 1251 1718 aulaea
1269 1679 1467 1719 obducite.

909 1754 949 1790 X
959 1754 991 1789 L
1004 1754 1022 1790 1
1035 1754 1054 1789 1
1065 1754 1098 1789 Ι.

391 1814 508 1861 Quod
526 1823 563 1853 te
583 1816 797 1863 intromisi,
818 1817 979 1868 gratiam
997 1817 1137 1854 referat
1153 1815 1264 1854 mihi.

929 1890 968 1926 X
979 1890 1042 1928 LVI
1050 1891 1098 1926 V.

393 1950 496 1988 Tum
514 1950 616 1988 illud
635 1952 846 2003 epiphoni,
864 1953 974 2004 quod
991 1954 1108 1991 etiam
1127 1961 1212 1990 tum
1229 1951 1366 1992 nobile
1384 1959 1454 1990 est.

939 2026 1078 2062 XLV.

395 2087 494 2123 ctus
513 2085 644 2137 lapide
658 2114 670 2132 ‚
691 2086 792 2124 nihil
812 2095 892 2133 est,
914 2088 1091 2134 credam,
1110 2089 1142 2126 si
1162 2096 1199 2126 te
1221 2087 1444 2127 offenderit.

393 2224 448 2257 33.
474 2224 605 2256 Nonius
621 2235 630 2255 :
662 2225 797 2257 Vomica
810 2250 822 2265 ‚
847 2237 991 2258 concava
1093 2225 1147 2255 38.
1161 2225 1252 2256 Non.
1267 2223 1466 2261 Distrahere,
1485 2228 1533 2254 est
1546 2220 1696 2253 vendere,

345 2276 438 2315 loca,
453 2284 618 2309 vetustate
635 2289 747 2317 exesa„
1094 2279 1151 2317 39.
1165 2277 1298 2309 Nouius
1312 2289 1319 2307 :
1339 2278 1453 2313 Ferre,
1467 2275 1594 2306 afferre.

394 2332 449 2369 34.
463 2332 612 2364 Nouius:
627 2332 828 2371 conducere,
840 2339 889 2366 est
896 2333 994 2365 sicuti
1096 2337 1154 2367 ko.
1166 2330 1315 2363 Nonius:
1329 2329 1516 2366 Favicooem,
1527 2327 1698 2358 fautorem.

346 2397 419 2420 ⁰⁵¹²·
786 2402 797 2411 ·
1077 2407 1081 2412 «
1098 2391 1154 2424 141.
1170 2384 1319 2416 Nonius:
1343 2381 1472 2424 Offim
1480 2405 1491 2420 ,
1506 2380 1637 2412 afferre.

397 2448 452 2480 35.
478 2448 631 2480 Nonius.:
650 2448 810 2492 Emungi,
828 2445 1001 2479 manifest&
1103 2445 1159 2477 4²-
1172 2438 1323 2471 Nonius:
1339 2436 1524 2472 Obducere,
1541 2434 1677 2476 aperire·

349 2502 594 2546 significatione
611 2510 731 2535 manat.
1103 2493 1159 2531 43.
1177 2491 1327 2525 Nonius:
1341 2487 1489 2532 Referre,
1508 2487 1658 2518 reddere.

399 2556 454 2587 36.
474 2555 631 2588 Nonius:
651 2554 935 2592 Emer-minatum,
951 2560 1001 2585 est
1103 2552 1159 2585 410-
1189 2545 1322 2578 NOBim
1339 2555 1348 2575 ἓ
1372 2542 1495 2575 Νθῦῖῖἱὸ
1519 2541 1644 2573 dicitur
1668 2543 1704 2569 ‘t

348 2618 438 2642 extra
456 2611 615 2645 terminos
633 2611 781 2643 missum.
1053 2607 1164 2633 nom·

400 2665 454 2702 37·
467 2666 618 2700 Nonius:
634 2665 794 2710 Depilaei,
813 2665 941 2698 dictum
950 2675 1002 2697 ra-
1104 2654 1160 2692 45.
1180 2651 1331 2687 Nouius:
1352 2648 1546 2714 Offindere,
1563 2653 1614 2680 est
1629 2654 1704 2689 per·

351 2715 481 2748 refacti.
1056 2714 1179 2740 catere.
