1898 3216
296 258 371 316 viij
749 260 1189 304 PRAEFATIO.

295 351 394 401 fuit
432 362 605 401 nostro
637 355 893 415 Juvenali,
929 356 1235 403 characteres
1270 353 1420 400 iidem
1442 389 1454 412 ‚
1482 353 1652 402 eadem

297 457 419 488 cura
438 442 778 507 typographiae
801 442 1047 503 adhibita,
1063 453 1171 490 tum
1197 459 1223 489 a
1241 441 1489 488 nobismet
1509 443 1627 506 ipsis
1639 478 1653 502 ‚

295 538 406 576 tum
425 528 488 576 ab
508 528 689 576 illustri
711 540 883 577 nostro
907 529 1243 595 typographo,
1266 530 1409 593 cujus
1424 537 1653 576 constan-

297 618 416 663 tiam
440 616 890 682 liberalitatemque
921 635 1024 664 non
1050 634 1254 682 possum
1277 618 1395 664 satis
1417 616 1651 675 laudare;

296 706 488 769 quique
505 742 517 764 ‚
546 715 603 751 ut
637 715 750 752 ante
769 742 781 764 ‚
809 705 1180 753 observationes
1207 703 1399 769 aliquot
1428 706 1483 751 in
1513 713 1658 751 notas

295 793 476 857 sparsit
495 791 673 858 litter-is
693 796 743 838 F.
765 795 825 839 D.
851 793 1126 857 insignitas.
1150 791 1406 841 Nonnulla
1427 808 1508 839 me
1530 808 1656 857 quo·

297 896 399 944 que
427 880 607 927 debere
638 878 795 927 fateor
830 883 973 928 novis
1008 882 1208 940 amicis,
1239 880 1342 928 scil.
1373 882 1512 928 omni
1539 879 1655 927 doc-

297 968 430 1014 trina
460 979 638 1014 ornato
662 970 771 1015 viro
799 971 1092 1016 CHARDON
1127 986 1195 1015 DE
1219 985 1292 1015 LA
1316 972 1657 1027 Ronanus,

296 1055 387 1119 qui
434 1070 514 1100 me
561 1071 770 1101 suorum
822 1056 1136 1102 monitorum
1177 1054 1375 1102 honore
1425 1071 1531 1102 non
1579 1053 1660 1100 de-

295 1142 530 1206 dignatus
566 1152 637 1188 est
667 1160 677 1188 :
713 1160 878 1207 neque
916 1144 1066 1189 etiam
1102 1144 1290 1206 injusto
1327 1158 1553 1208 premam
1590 1142 1655 1188 si-

295 1228 455 1276 lentio
490 1229 764 1277 doctissimi
800 1231 994 1293 Equitis
1029 1234 1315 1277 HERBERTI
1353 1233 1538 1277 Cnorr
1572 1230 1662 1276 mi·

298 1332 408 1362 ram
449 1317 503 1360 in
551 1333 631 1361 me
676 1315 1069 1380 benignitatem,
1100 1318 1219 1380 qui,
1255 1316 1370 1363 cum
1405 1316 1565 1381 multa
1603 1317 1658 1362 in

299 1403 524 1450 Persium
554 1402 643 1449 diu
676 1403 945 1450 meditatus
971 1415 1121 1463 esset,
1145 1403 1389 1468 plurimas
1412 1413 1461 1450 et
1486 1404 1660 1467 exqui-

300 1492 555 1538 sitissimas
580 1491 826 1538 Ambiano
849 1491 913 1538 ab
937 1491 1063 1538 urbe
1089 1491 1459 1538 observationes
1490 1491 1550 1537 ad
1582 1508 1663 1537 me

302 1581 466 1639 misit,
490 1581 742 1643 praecipue
773 1579 937 1626 textus
969 1581 1371 1645 interpunctioni
1400 1578 1656 1644 perutiles.

303 1667 456 1727 Quod
492 1669 534 1714 si
570 1684 674 1715 non
717 1684 891 1714 omnes
939 1669 993 1714 in
1035 1669 1452 1715 commentarium
1490 1684 1661 1714 meum

304 1757 604 1802 inseruerim
626 1793 641 1815 ‚
679 1756 738 1802 iis
772 1765 939 1802 tamen
975 1773 1096 1802 usus
1135 1772 1279 1815 sum,
1312 1755 1558 1820 imprimis
1600 1754 1662 1802 ad

305 1844 471 1908 operis
500 1860 591 1908 per
620 1853 810 1907 puncta
841 1843 1269 1890 dilucidationem.

370 1932 601 1978 Invenies
635 1931 873 1988 demum,
909 1935 1118 1992 Lector,
1150 1931 1420 1980 nonnullas
1456 1931 1664 1979 adnota-

304 2020 468 2066 tiones
497 2020 690 2067 criticas
728 2019 1038 2067 celeberrimi
1079 2020 1337 2085 quondam
1373 2019 1665 2085 philosophi

303 2111 598 2155 Dnnznor.
639 2112 736 2156 Has
768 2126 859 2174 ego
892 2111 1059 2175 recepi
1094 2126 1154 2156 ex
1188 2109 1457 2174 exemplari
1484 2109 1665 2166 unico,

305 2195 445 2260 quod
472 2195 657 2243 Gallice
681 2197 894 2244 dicimus
919 2197 1224 2263 exemplaire
1253 2198 1535 2263 d’ePreuve,
1560 2212 1668 2243 ver·

304 2286 459 2332 sionis
481 2285 673 2333 abbatis
702 2289 778 2332 LE
804 2289 1102 2334 MoNNmR.
1134 2285 1268 2333 Folia
1295 2301 1510 2351 quaeque
1533 2286 1667 2349 typis

308 2371 590 2419 mandanda
622 2383 939 2421 recensuerat
972 2374 1209 2432 Diderot‚
1238 2389 1454 2437 suasque
1483 2372 1666 2436 margi-

310 2458 460 2507 nibus
490 2462 863 2509 emendationes
901 2479 1057 2509 manu
1093 2463 1299 2526 scriptas
1334 2469 1665 2525 apposuerat3

311 2555 462 2611 atque
508 2549 569 2595 ad
613 2542 819 2597 doctum
870 2567 1019 2599 suum
1067 2550 1284 2597 amicum
1332 2549 1532 2595 miserat
1554 2584 1568 2608 ‚
1610 2557 1671 2595 ut
