1898 3216
369 277 485 334 xxxij
771 278 824 320 A.
858 276 1077 320 PERSII
1111 275 1353 320 FLACCI

426 360 522 398 Eliae
538 359 668 398 Vineti
694 361 898 409 Santonis,
918 361 1026 412 apud
1055 361 1355 413 Enguilbertum
1381 363 1485 398 Mar-

424 425 596 471 nefium,
615 425 796 471 Pictavis,
1518 423 1631 462 1560.
1662 419 1721 469 40.

1163 479 1272 523 (nihl.
1290 478 1411 522 nuper.
1424 478 1439 523 )
1483 479 1485 481 ’

375 569 421 604 A.
440 566 592 604 Persius
606 565 768 604 Flaccus
779 593 791 612 ,
807 579 900 604 cum
918 565 1057 604 iisdem
1075 574 1287 604 comment.
1305 565 1489 612 Pictavis‚
1523 565 1637 602 1563.
1667 562 1724 609 4⁰.

375 650 425 686 A.
442 647 594 685 Persius
614 647 795 693 Flaccus,
815 648 1022 699 Lugduni,
1520 645 1633 692 1564.
1666 658 1727 683 12.

377 733 427 768 A.
442 730 594 768 Persius
605 730 785 776 Flaccus,
802 744 848 769 ex
864 744 1010 769 recens.
1030 739 1070 769 et
1087 744 1179 769 cum
1194 731 1296 768 notis
1310 731 1384 768 Th.
1401 730 1492 768 Pul-

430 795 564 833 manni
577 823 588 841 ‚
606 809 668 847 ap.
687 796 828 833 Christ.
847 795 1093 842 Plautinum,
1113 796 1334 847 Antverpiae
1346 825 1357 842 ,
1526 793 1640 838 1564.
1671 790 1730 831 8⁰.

377 879 427 915 A.
445 868 790 923 Persius'Flaccus,
805 877 938 915 Latine
955 885 994 914 et
1010 877 1111 914 Gall.
1129 891 1200 928 per
1211 877 1333 915 Guill.
1345 879 1496 915 Duran-

433 941 554 988 dum,
574 941 678 979 Paris
691 970 702 988 ,
1531 941 1644 989 1575.
1674 937 1732 978 8⁰.

1062 995 1170 1037 (Bibl.
1187 996 1233 1027 du
1245 995 1453 1039 Pantheon.)

383 1084 430 1120 A.
448 1082 600 1119 Persius
619 1080 779 1118 Flaccus
794 1109 805 1127 ‚
826 1094 917 1118 cum
934 1080 1038 1118 notis
1051 1081 1165 1118 variis
1183 1080 1379 1119 Theodori
1394 1081 1502 1119 Frei-

435 1147 513 1198 gii,
529 1159 593 1197 ap.
614 1148 772 1183 Petrum
789 1149 951 1184 Pernam
968 1174 978 1192 ,
1003 1145 1159 1183 Basileae
1172 1174 1183 1191 ‚
1534 1144 1648 1193 1578.
1677 1141 1737 1190 4⁰.

385 1231 434 1266 A.
450 1229 601 1266 Persius
612 1229 793 1275 Flaccus,
812 1242 903 1266 cum
919 1228 1047 1265 indice
1059 1228 1344 1266 vocabulorum
1354 1257 1365 1276 ‚
1381 1228 1496 1267 Paris.
1537 1227 1651 1281 1579·
1683 1225 1740 1273 4⁰.

387 1314 435 1349 In
452 1314 497 1349 A.
514 1312 687 1349 Persium
706 1310 889 1348 Flaccum
905 1319 1007 1351 notae
1022 1311 1246 1362 Engelberti
1259 1340 1269 1358 ‚
1287 1312 1427 1362 Lipsiae
1438 1340 1450 1358 ‚
1538 1310 1653 1349 1580.
1682 1307 1741 1356 40.

387 1396 438 1432 A.
451 1394 603 1431 Persius
613 1392 793 1439 Flaccus,
808 1406 899 1430 cum
914 1391 1135 1443 paraphrasi
1144 1392 1367 1438 Fdschlini,
1383 1383 1509 1430 notis-³

444 1472 522 1510 que
549 1458 755 1509 Eugentini
785 1466 824 1495 et
854 1457 1058 1509 Foquelini
1070 1485 1082 1503 ,
1110 1457 1217 1508 apud
1248 1456 1485 1508 Lecythrum
1495 1485 1506 1503 ‚

442 1523 601 1561 Basileae
614 1551 626 1569 ,
1544 1534 1560 1559 1
1570 1520 1657 1559 582.
1688 1519 1745 1565 4⁰.

391 1609 438 1644 A.
450 1607 604 1644 Persius
613 1604 787 1651 Flaccus,
799 1617 892 1642 cum
903 1604 1078 1642 versione
1089 1606 1137 1641 G.
1147 1604 1338 1651 Durandi,
1349 1604 1516 1651 Parisiis,
1548 1617 1565 1641 1
1574 1603 1661 1641 586.
1691 1600 1748 1641 8⁰.
1826 1603 1829 1605 ’

393 1692 440 1727 A.
469 1688 622 1726 Persius
659 1687 819 1724 Flaccus
841 1715 851 1732 ‚
891 1699 983 1724 cum
1017 1685 1239 1741 paraphrasi
1273 1686 1504 1734 Frischlini‚

447 1753 715 1799 Francofurti‚
1546 1750 1659 1799 1587.
1688 1747 1749 1788 8⁰.

397 1840 445 1875 A.
462 1837 616 1874 Persius
633 1835 794 1873 Flaccus
806 1863 817 1880 ,
834 1848 905 1887 per
920 1834 1057 1872 Nicod.
1073 1834 1333 1873 Frischlinum
1345 1863 1357 1881 ,
1372 1847 1422 1873 ex
1434 1842 1511 1873 vet.

451 1901 541 1940 cod.
573 1901 650 1938 fide
664 1930 675 1948 ‚
698 1899 920 1952 paraphrasi
946 1899 1147 1937 luculenta
1171 1899 1414 1947 illustratus,
1435 1901 1516 1938 En-

451 1966 600 2018 gentini
625 1974 664 2004 et
685 1965 891 2016 Foquelini
913 1973 1122 2003 comment.
1148 1964 1387 2012 illustratus,
1408 1963 1517 2016 apud

451 2035 639 2078 Pernam,
661 2029 816 2068 Basileae
829 2058 840 2076 ‚
1548 2027 1662 2078 1592.
1694 2024 1752 2074 40.

1198 2082 1310 2126 (Bibl.
1329 2081 1472 2126 Impor.)

406 2177 456 2214 A.
473 2173 625 2211 Persius
636 2172 797 2210 Flaccus
808 2201 819 2219 ‚
835 2185 927 2210 cum
943 2170 1166 2223 paraphrasi
1179 2178 1217 2208 et
1228 2171 1331 2208 notis
1343 2169 1516 2207 Eilhardi

456 2238 602 2277 Lubini
615 2266 626 2284 ,
646 2237 754 2288 apud
771 2236 930 2274 Zachar.
950 2237 1103 2287 Heyns,
1121 2234 1425 2280 Amstelodami,
1553 2232 1668 2283 1595.
1699 2230 1758 2271 80.

404 2325 453 2360 A.
478 2321 631 2360 Persius
653 2319 838 2365 Flaccus,
857 2332 950 2356 cum
974 2317 1198 2370 paraphrasi
1221 2325 1260 2355 et
1277 2316 1381 2355 notis
1397 2315 1519 2354 Nico-

459 2386 567 2424 demi
581 2384 806 2430 Frischlini‚
826 2382 1068 2421 Francofurti
1082 2411 1094 2429 ,
1415 2427 1420 2432 Ι
1554 2378 1668 2429 1596.
1696 2376 1757 2417 80.

409 2472 458 2507 A.
478 2469 630 2507 Persius
653 2467 834 2514 Flaccus,
851 2480 943 2504 cum
962 2465 1135 2516 ecphrasi
1155 2478 1224 2503 seu
1242 2463 1463 2516 paraphrasi
1482 2471 1523 2501 et

464 2533 620 2571 scholiis
637 2532 830 2571 Francisci
850 2531 995 2570 Sanctii
1011 2530 1210 2569 Brocensis
1222 2558 1232 2577 ,
1253 2529 1494 2568 Salmanticae
1506 2556 1517 2575 ‚
1555 2526 1670 2577 1599.
1701 2523 1758 2565 80.

411 2612 458 2648 A.
486 2611 637 2647 Persius
665 2609 845 2656 Flaccus,
871 2622 964 2648 cum
994 2606 1214 2661 paraphrasi
1243 2605 1336 2646 Fed.
1364 2604 1520 2654 Ceruti,

465 2677 565 2725 Aug.
585 2674 882 2714 Vindelicorum
897 2702 908 2721 ,
1466 2715 1468 2717 ,
1578 2668 1693 2721 1599.
1717 2664 1764 2714 40
