1846 3184
86 12 133 24 ¹..
168 4 226 14 ,.,

0 0 111 216 Γ
203 26 211 31 ί

75 75 81 80 >
124 61 134 73 θ

0 291 7 325 ἦ

376 69 538 218 ,Q
688 94 774 196 6
834 40 837 41 ἦ

210 320 258 358 In
273 318 425 359 Lucilia
439 325 556 371 gente
571 317 748 370 plebeia,
765 317 888 356 varias
904 317 1069 356 familias
1083 317 1203 356 fuisse
1219 318 1444 373 cpmperio,
1462 328 1510 357 ut

157 384 321 431 Balbos,
336 386 494 429 Bassos,
509 382 657 429 Rufos,
672 381 897 428 Secundus,
912 383 1091 433 Longos,
1106 381 1337 433 capitones,
1353 381 1405 419 de
1419 383 1512 433 qui-

156 447 234 487 bus
252 448 415 500 singulis
435 447 666 486 consulendi
692 447 829 486 Cicero
855 447 898 485 in
924 448 1068 493 Bruto;
1090 446 1352 498 Epistularum
1372 446 1509 484 Famil.

157 514 228 552 lib.
255 515 340 560 111,
361 513 473 565 epist.
499 513 522 560 5
537 527 550 560 ;
568 512 620 550 ad
646 513 848 560 Atticum,
874 512 943 550 lib.
974 513 1054 550 XII
1072 541 1084 559 ‚
1113 512 1226 563 epist.
1252 511 1304 559 53
1330 512 1510 558 Tacitus,

156 579 228 617 lib.
245 580 303 617 XI
317 578 461 616 Histor.
476 578 716 630 Pomponius
739 580 775 615 J.
787 580 831 616 C.
851 577 901 615 de
916 577 1077 629 Origine
1092 576 1511 629 Juris31nscriptiones

156 652 329 689 veteres,
343 641 423 680 alii.

207 710 332 746 Natus
358 714 417 744 est
445 706 644 753 Lucilius,
670 709 739 759 Sp.
769 707 997 746 Posthnmio
1021 706 1195 753 Albino,
1223 710 1268 745 L.
1295 706 1509 758 Calpurnio

156 748 297 812 Pisone
323 784 422 810 coss.
453 785 555 809 anno
589 774 632 808 V.
662 773 703 810 C.
734 774 852 818 DCV,
890 772 995 810 bello
1027 772 1174 810 Punico
1204 772 1344 818 tertio,
1369 771 1510 822 Olym-

156 837 273 888 piade
287 838 445 877 CLVIII
455 864 467 882 ,
481 838 631 875 Suessae
644 839 944 883 Auruncorum3
960 836 1067 874 unde
1083 837 1207 874 satirae
1221 837 1307 888 ejus
1321 837 1511 874 camoena

156 903 297 939 Suessa
316 901 366 939 ab
387 901 564 939 Ausonio
589 901 798 947 dicuntur,
818 909 857 939 et
884 915 1047 950 magnus
1069 905 1265 938 Auruncoe
1290 903 1471 937 alumnus
1489 914 1512 937 a

156 969 180 1004 J
182 965 345 1003 uvenale
356 973 518 1003 vocatur
527 993 539 1011 ‚
555 965 782 1004 observante
796 979 938 1017 magno
952 966 1160 1018 scaligero.
1174 966 1257 1004 Sub
1272 968 1314 1004 P.
1329 965 1512 1017 Scipione

158 1031 341 1068 Africano
356 1030 507 1067 minore
519 1058 530 1075 ,
547 1029 654 1068 bello
668 1030 907 1073 Numantino
929 1030 1063 1082 (quod
1081 1030 1221 1082 incipit
1240 1031 1282 1068 in
1298 1023 1446 1068 aflnum
1466 1032 1511 1067 V.

163 1096 205 1133 C.
224 1095 397 1144 DCXX)
409 1123 421 1140 ,
440 1094 632 1146 stipendia
651 1096 794 1133 meruit
806 1124 817 1141 ,
844 1108 925 1147 quo
949 1095 1112 1146 quidem
1129 1103 1327 1147 tempore,
1348 1108 1440 1133 eum
1461 1094 1513 1132 ad

158 1171 282 1197 annos
298 1159 466 1197 maxime
487 1167 625 1197 natum
648 1160 844 1198 sexdecim
870 1159 1105 1212 colligimus.
1120 1159 1305 1212 Ejusdem
1321 1159 1515 1211 Scipionis

158 1224 279 1261 vitam
293 1223 483 1275 privatam
502 1232 636 1275 postea
654 1224 857 1276 descripsit
869 1253 880 1270 ‚
896 1225 938 1262 in
956 1238 1037 1276 quo
1053 1224 1515 1276 Pseudoporphyrionem

160 1288 357 1327 manifesti
381 1289 522 1326 erroris
543 1289 741 1326 convincit
766 1302 905 1340 parens
929 1302 1063 1335 meus,
1082 1289 1153 1340 qui
1174 1290 1368 1327 Lucilium
1389 1292 1514 1326 vitam

151 1355 351 1403 privatam
374 1353 564 1402 Scipionis
577 1382 591 1400 ,
613 1350 782 1390 Ennium
810 1367 906 1391 vero
939 1355 1041 1390 bella
1068 1355 1310 1404 descnjvsisse
1329 1362 1488 1392 annotat
1503 1368 1514 1390 ε

160 1417 232 1455 ubi
254 1416 357 1455 male
379 1417 538 1455 nomina
564 1418 794 1470 Scipionum
817 1418 918 1456 inter
948 1431 989 1456 se
1014 1419 1188 1457 confusa.
1213 1419 1383 1457 Ennium
1410 1419 1516 1457 enim

161 1482 355 1533 Scipionis
374 1482 531 1530 majoris
554 1495 616 1520 res
643 1491 768 1534 gestas
793 1483 978 1521 cecinisse
1003 1492 1166 1521 constat.
1186 1483 1362 1521 Lucilius
1384 1492 1518 1522 autem

160 1555 207 1584 ut
224 1546 402 1594 ejusdem
418 1547 536 1584 vitam
554 1547 743 1598 privatam
758 1547 1025 1599 descripserit,
1043 1548 1142 1586 ratio
1160 1557 1384 1600 temporum
1402 1548 1518 1599 plane

160 1619 278 1648 vetat.
294 1612 455 1649 Amicos
471 1624 517 1649 ac
538 1612 746 1650 familiares
771 1612 913 1650 Lucilii
941 1612 1015 1650 hos
1041 1613 1159 1650 fuisse
1186 1613 1433 1664 potissimum
1457 1626 1518 1650 re-

163 1675 299 1727 perio:
321 1678 362 1712 P.
384 1676 608 1726 Scipionem
629 1677 858 1714 Africanum
878 1677 1091 1724 minorem,
1111 1679 1153 1715 C.
1172 1677 1335 1714 Laelium
1350 1706 1362 1724 ,
1380 1680 1436 1714 M.
1454 1678 1520 1714 Li-

163 1740 311 1777 cinium
330 1741 510 1776 Crassum
521 1769 533 1786 ‚
550 1742 617 1791 Sp.
643 1740 831 1777 Albinum
846 1767 858 1785 ,
875 1743 918 1777 L.
940 1740 1097 1778 Aelium
1116 1741 1326 1787 Stilonem,
1345 1744 1394 1788 Q.
1412 1743 1519 1779 Vec-

164 1803 265 1840 tium
284 1832 297 1849 ‚
326 1802 561 1840 Archelaum
575 1833 587 1850 ‚
613 1807 655 1841 P.
684 1804 957 1842 Philocomum
972 1833 984 1851 ,
1013 1805 1176 1843 Laelium
1208 1806 1416 1844 Decimum
1434 1834 1446 1852 ,
1468 1808 1517 1853 Q.

165 1866 356 1904 Granium
371 1869 605 1905 Praeconem.

216 1931 457 1968 Nominatim
473 1932 615 1982 carpsit
636 1940 675 1969 et
693 1933 900 1984 exagitavit
916 1933 957 1971 in
978 1933 1123 1981 satiris,
1140 1943 1335 1986 quantum
1359 1935 1521 1986 quidem

164 2008 213 2042 ex
237 1995 417 2046 pauculis
445 1995 506 2032 his
531 1996 754 2047 fragmentis
781 1997 937 2036 odorari
965 2011 1197 2049 possumus,
1216 2000 1390 2037 Matium
1414 2001 1522 2037 Scae-

163 2059 295 2098 volam
309 2089 321 2106 ,
348 2063 395 2098 T.
419 2060 629 2098 Albutium
645 2090 656 2107 ‚
684 2064 732 2108 Q.
764 2061 965 2100 Caecilium
995 2063 1202 2101 Metellum
1220 2093 1231 2110 ,
1256 2067 1298 2102 P.
1327 2064 1522 2102 Rutilium

164 2127 325 2175 Lupum
338 2152 351 2170 ,
374 2127 617 2175 Torquatum
632 2154 644 2171 ,
662 2128 719 2163 Μ.
746 2126 964 2165 Carbonem
979 2156 990 2174 ,
1010 2130 1055 2165 L.
1076 2128 1280 2166 Tubulum
1292 2158 1303 2175 ‚
1322 2131 1365 2166 P.
1386 2128 1523 2165 Gallo-

164 2189 304 2235 nium,
323 2190 367 2226 C.
394 2190 592 2235 cassium,
612 2193 656 2227 L.
681 2192 859 2237 Cottam,
886 2192 1096 2230 Claudium
1123 2192 1325 2238 Asellum,
1349 2195 1397 2238 Q.
1422 2192 1524 2241 Opi-

165 2254 318 2300 mium,
343 2256 657 2302 Nomentanum3
686 2257 729 2293 C.
758 2256 926 2294 Coelium
958 2256 1139 2294 Judicem
1155 2287 1165 2303 ‚
1192 2256 1459 2301 Trebellium,
1480 2258 1519 2292 P.

166 2320 314 2356 Pavum
341 2319 583 2357 Tuditanum
596 2349 608 2366 ,
631 2320 752 2368 alios;
774 2322 873 2372 quin
896 2321 1123 2358 universum
1147 2333 1308 2371 quoque
1330 2319 1525 2370 populum

168 2384 390 2421 Romnum
418 2384 620 2431 tributim,
644 2393 690 2422 ut
717 2385 848 2436 inquit
875 2385 1079 2430 Horatius,
1103 2385 1312 2434 arripiens,
1336 2383 1412 2421 hoc
1439 2392 1523 2431 est,

172 2457 309 2484 omnes
322 2449 475 2486 XXXV
495 2449 622 2486 tribus
647 2449 757 2486 urbis
783 2450 953 2500 antiquae
966 2477 977 2494 ,
998 2448 1196 2499 probrosis
1217 2449 1455 2486 carminibus
1473 2449 1527 2487 la-

172 2510 336 2547 ceravit:
356 2524 418 2558 ac,
435 2526 485 2551 ne
500 2526 522 2550 a
540 2514 666 2565 poetis
684 2513 847 2564 quidem
868 2513 1033 2550 mortuis
1051 2512 1259 2564 Euripide,
1278 2514 1428 2561 Ennio,
1446 2515 1527 2552 Cae-

107 2592 110 2596 ¹
174 2573 289 2620 cilio,
311 2577 501 2624 Pacuvio,
526 2579 647 2616 Accio
664 2608 675 2626 ‚
699 2577 865 2628 aliisque
891 2578 987 2615 item
1019 2576 1238 2615 illustribus
1266 2577 1527 2617 obtrectandis

181 2646 393 2689 temperare
407 2642 537 2690 potuit
554 2643 627 2682 sibi
637 2673 647 2691 ‚
664 2643 878 2695 quominus
896 2642 1050 2693 scriptis
1064 2642 1372 2696 uniuscujusque
1386 2644 1527 2696 saepius

549 234 597 279 C.
635 233 903 279 LUCILII
944 233 1123 278 VITA.
1204 232 1231 257 'f‘
1422 237 1507 280 223
1569 271 1576 276 .
