1846 3184
242 315 300 366 84

600 314 652 355 A.
686 312 932 355 PERSII
970 311 1217 354 FLACCI

298 395 450 438 Disce!
471 409 550 438 nec
571 394 759 437 invideas
771 426 782 447 ,
801 393 919 451 quod
936 394 1070 435 multa
1089 392 1227 434 fidelia
1248 392 1368 450 putet

299 472 351 513 In
368 472 581 530 locuplete
595 486 711 529 penu
723 502 735 523 ,
753 469 935 511 defensis
953 467 1185 527 pinguibus
1202 467 1375 508 Umbris
1388 497 1401 519 ,

239 627 275 652 et
296 616 585 663 conjunctionem
610 627 690 648 cum
712 613 879 647 universo

239 667 374 698 mundo
387 663 560 703 inculcat,
573 670 613 695 ut
626 661 729 694 initio
742 660 804 693 lib.
817 661 877 693 11:

237 716 290 753 δεῖ
317 715 355 751 δὲ
387 714 453 754 ἤδη
484 716 565 750 ποτὲ
601 716 765 748 αἴσθεσθαι
796 714 878 753 τίνος

237 772 358 817 κόσμου
377 771 468 815 μέρος
486 766 529 806 εἷ,
550 767 604 801 καὶ
620 768 703 806 τίνος
722 764 877 800 διοικοῦν-

237 837 291 863 τος
305 827 359 857 τὸν
375 823 492 868 κόσμον
511 821 666 866 ἀπόρροια
681 820 815 858 ὑπέςἻις.
831 819 878 852 Et

236 876 301 909 lib·
323 876 358 909 X
379 887 387 908 :
416 875 480 909 εἴτε
509 872 623 919 ἄτομοι
652 873 715 906 εἴτε
749 872 875 917 φύσεις,

235 932 361 971 πρῶτον
388 927 502 961 κείσθω
532 927 580 960 ὅτι
610 926 701 971 μέρος
729 924 794 970 εἰμὶ
820 928 876 958 τοῦ

236 982 306 1014 ὅλου
318 981 379 1014 ὑπὸ
392 981 512 1025 φύσεως
523 976 749 1024 διοικουμένου·
762 978 878 1011 ἔπειτα

235 1034 284 1068 ὅτι
306 1034 368 1077 ἔχω
391 1046 459 1071 πως
486 1033 605 1070 οἰκείως
631 1031 708 1076 πρὸξ
729 1030 773 1063 τὰ
797 1031 875 1075 ὁμο-

232 1089 313 1134 γενῆ
328 1088 418 1131 μέρη.
439 1085 557 1130 Hujus
580 1082 712 1117 deinde
729 1094 876 1128 persua-

233 1138 362 1179 sionis,
378 1136 478 1183 quod
490 1137 598 1169 simus
610 1148 689 1181 pars
703 1134 876 1176 universi,

227 1192 393 1225 ‚fructum
405 1189 586 1236 duplicem
599 1187 742 1235 subjicit
752 1202 763 1221 ι
778 1188 879 1234 prior

236 1253 288 1278 est
298 1243 436 1277 animus
447 1253 570 1288 aequus
580 1240 744 1275 adversus
754 1252 878 1273 omnes

234 1309 353 1331 casus:
371 1297 484 1330 τούτου
495 1299 556 1341 γὰρ
572 1295 792 1340 μεμνημένος,
809 1294 873 1331 ait,

234 1351 345 1384 καθότι
360 1350 415 1394 μὲν
430 1350 520 1394 μέρος
535 1347 618 1393 εἰμὶ,
632 1344 723 1380 οὐδὲν
737 1343 877 1392 ὃυσαρε·

234 1403 326 1441 ζήσω
340 1406 402 1436 τῶν
417 1403 454 1435 ἐκ
464 1404 520 1434 τοῦ
533 1400 603 1433 ὅλου
617 1400 876 1445 ἀπονεμομὲνων.

234 1454 411 1501 posterior
425 1453 561 1486 fructus
580 1459 630 1485 est
645 1463 743 1484 amor
755 1451 878 1496 proxi-

235 1507 309 1547 mi,
327 1513 362 1539 et
383 1517 505 1539 omnes
522 1502 673 1551 juvandi
691 1502 849 1537 studium
866 1516 874 1535 :

234 1560 368 1594 καθόσον
383 1556 422 1592 δὲ
438 1560 500 1602 ἔχω
515 1571 585 1596 πως
605 1558 724 1597 οἰκείως
741 1558 817 1602 πρὸς
831 1556 876 1590 τὰ

235 1614 372 1657 ὁμογενῆ
390 1613 486 1657 μέρη,
505 1607 595 1644 οὐδὲν
615 1610 726 1656 πράξω
741 1609 875 1644 ἀκοινώ-

235 1678 341 1701 νητον.
366 1666 496 1698 Μᾶλλον
529 1660 566 1696 δὲ
596 1662 782 1709 ςοχοίσομαι
809 1666 873 1696 τῶν

235 1719 393 1763 ὁμογενῶν
406 1741 417 1758 .,
436 1716 492 1751 καὶ
515 1716 593 1762 πρὸς
614 1716 651 1749 τὸ
677 1719 765 1760 κοινῇ
791 1717 874 1761 συμ-

236 1772 324 1816 φέρον
351 1771 463 1803 πᾶσαν
493 1769 590 1813 ὁρμὴν
620 1770 760 1814 ἐμαυτοῦ
787 1767 853 1808 ἄξω
864 1792 875 1810 ,

235 1821 290 1856 καὶ
303 1823 367 1856 ἀπὸ
379 1821 563 1855 τούναντίου
577 1821 694 1862 ἀνάξω,
706 1819 877 1854 Similiter

236 1874 387 1913 Seneca,
409 1872 511 1918 epist.
538 1872 663 1906 XCV:
691 1875 792 1904 Omne
816 1873 877 1904 Ιιοο

225 1923 328 1970 'quod
346 1927 459 1964 vides,
481 1937 545 1968 quo
566 1926 675 1966 divina
694 1935 794 1968 atque
814 1926 876 1957 hu-

235 1992 337 2013 mana
369 1980 518 2012 conclusa
550 1988 626 2011 sunt
636 2004 646 2017 ‚
679 1991 778 2011 unum
808 1988 876 2011 est.-

236 2034 379 2065 membra
399 2043 504 2064 sumus
522 2032 636 2074 magni
654 2033 804 2074 corporis.
821 2031 877 2065 Ex

235 2084 291 2118 his
300 2096 406 2130 supra
415 2084 614 2117 memoratis
621 2108 630 2123 ,
639 2083 746 2117 Persii
757 2084 876 2118 locum

235 2137 334 2172 hunc
345 2163 356 2179 ‚
369 2147 402 2170 et
411 2137 555 2169 Ιιιιιηαηᾶ
571 2137 639 2179 quii
646 2146 744 2179 parte
755 2140 877 2170 Iocatus

235 2203 268 2223 es
279 2191 312 2222 in
323 2203 376 2230 re,
392 2189 443 2223 ita
451 2189 684 2234 interpretor:
700 2187 795 2222 disce
808 2202 878 2235 qua

236 2242 273 2276 in
290 2250 391 2289 parte
409 2241 517 2276 totius
535 2241 689 2275 universi
705 2242 840 2275 locatus
858 2254 877 2275 a

236 2296 313 2329 Deo
337 2294 467 2335 fueris,
487 2302 522 2327 et
549 2296 619 2340 qua
645 2293 872 2327 conditione:

235 2349 387 2388 scilicet,
402 2356 462 2387 ut,
478 2346 578 2381 miles
590 2347 626 2380 in
643 2348 791 2381 statione
808 2360 874 2394 po-

236 2402 323 2435 situs
334 2426 345 2442 ,
358 2400 534 2434 societatis
555 2399 700 2434 utilitati
720 2412 878 2434 commo-

236 2452 365 2499 disque
379 2453 538 2499 invigiles
548 2476 560 2493 ,
574 2462 639 2485 nec
655 2451 699 2485 ab
713 2464 751 2486 ea
766 2451 878 2486 disce-

237 2504 299 2538 das
322 2506 384 2539 Dei
407 2504 630 2551 imperatoris
653 2505 804 2550 injussu.
826 2505 877 2538 M.

235 2560 410 2593 Antonin.
425 2570 502 2605 cap.
519 2559 573 2592 XI
587 2559 602 2592 ι’
617 2560 650 2592 οὐ
667 2555 750 2604 δέχῃ
768 2560 805 2593 τὸ
823 2563 875 2594 νῦν

930 615 972 656 τῇ
991 618 1054 647 τῶν
1073 613 1150 646 ὅλων
1168 613 1256 658 φύσει
1279 612 1438 658 εὔκαιρον,
1454 611 1572 657 ἄνθρω-

931 679 991 704 πος
1006 667 1204 710 τεταγμένος
1224 666 1300 709 πρὸς
1316 666 1352 699 τὸ
1366 666 1511 710 γενέσθαι
1526 660 1575 697 δι’

931 718 1003 752 ὅτου
1018 715 1061 754 δὴ
1078 719 1113 751 τὸ
1129 721 1215 762 κοινῇ
1231 730 1401 763 συμφέρον.
1422 717 1463 751 C.
1479 725 1513 750 et
1527 717 1571 750 A.

977 769 1035 816 73.
1046 771 1114 803 Nec
1123 770 1283 815 invideas]
1297 769 1470 802 Ultimum
1482 781 1573 814 prae-

929 832 1072 869 ceptum
1087 847 1098 863 ,
1125 831 1166 856 ut
1199 823 1352 869 quisque
1380 830 1571 856 contentus

929 876 991 907 sua
1018 881 1112 907 sorte
1137 874 1251 913 vivat,
1275 885 1394 919 neque
1423 884 1463 906 ea
1489 883 1571 907 vera

928 926 1021 960 bona
1037 938 1109 960 esse
1121 934 1224 972 putet
1233 950 1244 967 ‚
1259 937 1338 972 quae
1351 924 1460 971 vulgo
1474 933 1572 958 tanta

930 978 1159 1013 contentione
1167 978 1453 1024 quaeruntur-‚Illa
1461 978 1573 1024 igitur

928 1044 975 1066 ne
990 1039 1105 1079 optes,
1115 1043 1232 1077 neque
1246 1030 1376 1073 doleas,
1385 1030 1414 1065 si
1428 1030 1573 1065 uberior

929 1085 1032 1131 copia
1059 1084 1191 1118 horum
1221 1083 1402 1116 bonorum
1427 1082 1502 1116 aliis
1526 1083 1574 1118 sit

930 1141 1038 1185 quam
1060 1137 1304 1179 tibh—Qubd
1321 1138 1422 1169 multa
1433 1137 1554 1182 fidelia
1563 1160 1579 1180 ‚-

929 1201 987 1224 etc.
1006 1191 1058 1224 Ex
1077 1190 1244 1224 omnibus
1265 1189 1426 1223 litteratis
1445 1189 1573 1222 Roma-

930 1244 985 1278 nis
998 1268 1008 1286 ,
1027 1243 1091 1278 soli
1116 1244 1189 1277 fere
1210 1251 1367 1277 oratores
1388 1249 1487 1276 eram
1506 1241 1571 1288 qui

930 1309 1005 1331 rem
1029 1297 1196 1330 facerent.
1224 1294 1417 1329 Causidicis
1443 1306 1575 1340 nempe

931 1349 1057 1383 donari
1078 1349 1190 1382 solitae
1208 1348 1281 1382 vini
1303 1348 1432 1394 lagenae
1456 1356 1490 1381 et
1509 1347 1576 1380 sal-

930 1409 1084 1435 samenta
1096 1426 1105 1441 ‚
1133 1409 1174 1434 ut
1202 1408 1299 1446 patet
1328 1412 1370 1434 ex
1400 1400 1422 1434 J
1425 1399 1574 1433 uvenale

930 1453 1028 1499 ipso,
1049 1461 1113 1487 sat.
1138 1454 1234 1494 VII,
1253 1467 1288 1487 v.
1321 1464 1385 1497 119
1411 1461 1447 1486 et
1472 1464 1573 1499 seqq.

929 1505 1114 1552 Ejusmodi
1128 1514 1211 1539 sunt
1227 1505 1440 1538 munuscula
1452 1530 1463 1547 ‚
1480 1517 1573 1551 quo-

927 1571 1011 1593 rum
1029 1559 1087 1592 hic
1104 1558 1265 1592 meminit
1284 1557 1426 1592 Persius
1437 1582 1447 1600 ,
1455 1559 1575 1604 fidelia

927 1611 1026 1652 vini,
1037 1613 1154 1655 piper,
1166 1623 1280 1654 pernoe
1300 1618 1334 1644 et
1353 1624 1429 1643 orca
1447 1623 1572 1643 mance.

927 1665 1055 1710 Itaque
1070 1663 1157 1697 dum
1175 1671 1295 1697 noster
1310 1661 1483 1696 invidiam
1500 1661 1574 1696 dis-

927 1718 1048 1764 cipulo
1065 1725 1159 1751 vetat
1181 1729 1267 1757 suo,
1285 1716 1391 1750 simul
1409 1724 1443 1750 et
1464 1716 1574 1750 avari-

928 1770 1013 1804 tiam
1034 1769 1148 1815 carpit
1172 1768 1436 1802 causidicorum
1457 1776 1492 1802 et
1514 1780 1574 1814 pa·

929 1830 1114 1855 tronorum
1125 1846 1136 1862 ,
1151 1821 1214 1867 qui
1227 1828 1351 1854 contra
1363 1820 1476 1866 legem
1487 1819 1573 1854 Cin·

929 1875 1039 1915 ciam,
1058 1875 1094 1908 in
1119 1873 1302 1921 captandis
1323 1872 1488 1920 undique
1507 1872 1574 1907 do-

928 1927 984 1960 nis
1013 1925 1206 1959 avidissimi
1237 1933 1350 1959 eraut.
1369 1944 1417 1951 —
1432 1926 1570 1958 Fidelia.

930 1978 1016 2013 Vid.
1039 1991 1120 2025 sup.
1140 1991 1175 2011 v.
1197 1981 1416 2011 22.—P11eet.
1430 1977 1574 2010 Patres-

928 2040 1003 2072 cat‚
1023 2031 1078 2066 vel
1103 2039 1231 2078 putere
1256 2030 1425 2077 incipiat,
1447 2029 1494 2064 ob
1516 2028 1571 2063 ni-

928 2085 1036 2118 miam
1051 2085 1203 2130 copiam.
1220 2084 1263 2118 C.
1278 2092 1312 2117 et
1328 2083 1370 2117 P.

976 2142 1034 2183 74.
1061 2140 1098 2169 In
1123 2139 1278 2180 locuplete
1297 2138 1416 2180 penu.]
1439 2136 1571 2170 Divitis

930 2189 1105 2224 advocati.
1117 2209 1164 2215 —
1172 2194 1271 2222 Penu.
1286 2189 1485 2235 Metonym.
1502 2200 1571 2234 pro

930 2243 1017 2277 cella
1039 2243 1227 2289 penuaria,
1246 2243 1284 2276 in
1309 2254 1377 2288 qua
1401 2240 1572 2276 conditur

928 2304 963 2330 et
973 2297 1171 2329 asservatur-
1181 2308 1289 2337 penus.
1296 2294 1572 2338 —Defensispin-

922 2350 1040 2392 guibus
1063 2348 1194 2379 Umbris.
1211 2347 1264 2380 Eo
1282 2347 1427 2380 nomine
1439 2370 1450 2387 ,
1473 2346 1572 2392 quod

928 2399 1127 2435 defenderit
1140 2400 1294 2433 Umbros
1303 2425 1314 2442 ‚
1330 2407 1500 2444 patronus
1512 2407 1573 2434 aut

929 2452 1131 2487 advocatus.
1150 2471 1197 2477 —-
1215 2453 1400 2496 Pinguibus.
1433 2451 1571 2499 Nempe

928 2506 1056 2539 Umbri
1079 2512 1114 2538 et
1136 2503 1398 2550 opulentissimi
1421 2512 1457 2538 et
1476 2504 1568 2539 anti-

930 2558 1093 2605 quissimi
1111 2566 1211 2592 erant
1224 2557 1352 2604 'populi
1365 2557 1489 2591 Italiae.

285 2688 326 2718 V.
349 2698 364 2727 7
372 2688 403 2718 3.
422 2686 497 2719 Nec.
508 2686 622 2730 Neque
634 2697 698 2731 pro
713 2697 773 2720 nec
785 2686 912 2721 hahent
926 2687 1020 2720 codd.
1033 2688 1190 2731 permulti
1203 2698 1211 2719 :
1226 2694 1260 2719 at
1273 2687 1368 2730 parvi
1379 2687 1524 2723 interest,
