1846 3184
288 310 353 355 &³6

647 311 702 353 A.
737 309 980 352 PERSII
1019 309 1273 352 FLACCI

353 394 422 434 En
438 392 544 451 quid
558 392 645 451 agis
662 391 679 432 ἱ)
698 392 839 434 Siccas
857 392 1002 433 insana
1021 391 1211 433 canicula
1229 405 1383 433 messes
1608 394 1630 431 ὅ

353 470 375 510 J
378 468 613 511 amdudum
627 469 795 526 coquit3
807 479 850 511 et
867 467 1014 527 patula
1028 483 1157 527 pecus
1172 482 1299 510 omne
1316 467 1396 509 sub
1415 466 1534 509 ulmo
1553 476 1617 509 est

348 544 503 602 (Unus
519 544 579 586 ait
593 544 848 600 comitum).

773 633 801 660 A
815 634 842 660 n
856 634 883 662 o
897 634 922 660 ι,
937 635 962 661 E
974 634 993 661 s
1005 635 1029 661 c
1043 635 1068 661 E
1082 635 1109 662 Ν
1123 634 1154 662 ⁵.

837 695 1086 738 Verumne?
1103 694 1254 738 Itane?
1271 694 1401 738 Ocius
1417 693 1527 737 adsit

357 773 454 814 Huc
471 771 625 830 aliquis
639 772 647 812 Ξ
659 803 668 812 .
678 803 687 813 .
697 802 707 812 .
718 803 727 812 .
745 769 930 812 Nemon’
943 769 962 811 Ρ

758 861 1185 889 PHILOSOPHUS.

956 923 1181 981 'Purgescit
1197 924 1332 966 vitrea
1348 923 1463 965 bilis.

299 1063 384 1086 usus
398 1062 471 1085 esse
484 1049 708 1096 coepit,bello
720 1048 860 1083 Punico
870 1048 944 1096 pri-

299 1118 360 1139 mo
373 1131 384 1148 ,
402 1113 444 1139 ut
461 1104 569 1138 habet
587 1103 682 1137 Plin.
702 1103 767 1136 lib.
789 1103 850 1145 II,
867 1115 944 1149 cap.

302 1161 357 1206 76.
370 1157 582 1204 Antiquiora
591 1164 707 1190 tamen
725 1168 764 1190 ea
779 1168 854 1190 esse
867 1168 950 1190 con-

301 1221 370 1247 stat
387 1224 428 1246 ex
446 1211 552 1245 sacris
574 1208 684 1244 codd.
703 1210 768 1243 lib.
789 1211 842 1243 IV
861 1211 948 1256 Reg.

302 1275 382 1309 cap.
392 1275 444 1308 ,πο
456 1287 466 1303 ,
484 1261 547 1294 ubi
563 1259 608 1294 de
619 1260 807 1306 horologio
815 1260 930 1294 Achaz
939 1284 950 1301 ‚

303 1324 339 1350 et
354 1315 399 1349 de
413 1315 485 1349 sole
498 1326 563 1361 per
580 1312 703 1347 decem
715 1313 825 1347 lineas
836 1321 951 1347 retro-

303 1368 500 1417 grediente.
520 1367 562 1401 P.

311 1442 313 1444 -
353 1424 387 1458 5.
406 1426 528 1455 Insana
542 1422 715 1464 canicula]
733 1419 814 1454 Non
830 1418 951 1465 ipsum

307 1474 456 1522 quidem
474 1474 580 1508 Canis
596 1471 694 1507 sidus
706 1497 717 1514 ‚
731 1470 793 1505 sed
814 1471 865 1505 sol
886 1483 951 1518 po-

307 1528 379 1562 tius
385 1526 508 1573 coquit
513 1537 641 1559 messes
650 1533 686 1558 et
695 1524 812 1558 omnia
823 1522 952 1557 adurit.

305 1579 477 1615 Canicula
489 1586 608 1613 autem
621 1576 859 1618 constellatio,
874 1588 954 1623 quae

308 1632 397 1666 dum
425 1631 478 1666 sol
506 1631 543 1665 in
573 1631 694 1664 Leone
723 1637 775 1664 est
788 1654 799 1671 ,
823 1629 954 1663 oritur.

308 1685 404 1719 Plin.
424 1685 489 1718 lib.
511 1685 573 1726 11,
597 1695 676 1730 cap.
705 1688 764 1724 4ο.
789 1681 895 1716 Unde
911 1682 955 1716 ab

309 1737 459 1772 Horatio
471 1763 482 1779 ‚
499 1739 617 1770 vesani
637 1738 728 1769 stella
749 1736 870 1768 Leonis.
889 1735 955 1768 In-

310 1803 394 1826 sana
408 1790 530 1825 Persio
543 1789 678 1824 dicitur
689 1814 699 1831 ‚
713 1788 797 1835 quia
813 1787 956 1821 morbos

311 1844 358 1878 ob
385 1851 510 1876 aestum
530 1848 714 1888 procreat,
735 1848 770 1874 et
793 1851 895 1874 canes
918 1840 956 1873 in

311 1896 446 1931 rabiem
465 1895 548 1940 agit.
567 1893 608 1927 P.

360 1950 393 1981 6.
414 1947 532 1980 Patala
546 1948 670 1990 pecus]
690 1944 834 1979 Rustica
851 1943 960 1978 meri-

313 2000 386 2035 diei
398 1998 603 2045 descriptio.
618 1999 720 2044 Virg.
736 1997 848 2043 eclog.
866 1997 903 2029 ΙΙ
916 2009 925 2029 :

313 2060 407 2090 Nunc
418 2057 509 2089 etiam
523 2055 655 2097 pecudes
667 2055 791 2085 umbras
804 2061 835 2084 et
847 2054 962 2094 frigora

395 2110 530 2144 captant.
885 2101 920 2129 C.

363 2168 398 2203 7.
429 2159 514 2188 Unus
539 2155 590 2187 ait
609 2153 786 2195 comitum]
809 2151 892 2185 Haec
917 2150 963 2184 ad

314 2207 549 2258 praecedentia
563 2215 648 2241 sunt
663 2203 850 2239 referenda
862 2228 872 2245 ‚
888 2215 962 2236 non

317 2262 363 2297 ad
389 2260 583 2308 sequentia.
611 2260 730 2292 Romae
745 2282 756 2299 ‚
783 2264 963 2303 magnates

318 2315 413 2350 soliti
443 2312 676 2360 philosophos
711 2309 810 2344 domi
842 2309 935 2342 alere
952 2333 964 2351 ,

319 2380 477 2416 quorum
493 2366 630 2413 privata
648 2367 734 2398 cura
752 2363 854 2396 liberi
872 2363 966 2408 ipso-

319 2434 402 2457 rum
414 2419 712 2454 instituebantur:
726 2416 871 2450 Athenis
881 2427 967 2449 vero

321 2483 382 2509 aut
395 2472 535 2513 Rhodi,
550 2479 611 2505 aut
626 2480 858 2517 quocumque
872 2467 968 2510 loco,

321 2526 528 2561 studiorum
545 2526 664 2565 cau-sa,
675 2523 902 2556 mitterentur
911 2522 970 2567 ju-

322 2592 430 2615 venes
439 2605 450 2621 ‚
468 2577 565 2625 apud
579 2575 812 2623 philosophos
826 2574 900 2607 fere
914 2571 970 2606 di-

323 2633 519 2667 vertebant.
529 2632 622 2666 Cum
633 2637 767 2670 autem,
776 2628 842 2662 hac
852 2627 971 2668 satira,

324 2696 398 2718 non
415 2683 459 2718 de
472 2684 514 2718 iis
527 2691 672 2730 agatur,
689 2682 752 2729 qui
767 2681 805 2715 in
817 2679 972 2728 pueritia

995 1048 1128 1096 primas
1140 1049 1275 1084 litteras
1290 1049 1356 1083 sub
1367 1048 1558 1097 padagogo
1571 1049 1643 1085 dis-

999 1110 1122 1136 cerent
1132 1127 1144 1144 ‚
1165 1101 1227 1136 sed
1252 1101 1298 1136 de
1324 1102 1397 1136 illis
1411 1127 1422 1144 ‚
1447 1103 1511 1149 qui
1536 1105 1646 1149 opera

999 1155 1208 1202 philosophi
1222 1154 1407 1202 cujusdam
1419 1153 1550 1193 studiis
1559 1154 1646 1202 phi·

1002 1207 1173 1254 losophiae
1197 1207 1447 1242 imbuerentur
1460 1219 1471 1250 ;
1491 1219 1558 1253 per
1571 1219 1648 1243 ’νο-

1003 1272 1096 1299 cem,
1107 1272 1188 1292 unus
1200 1261 1361 1300 comitum,
1374 1259 1533 1305 intelligo
1545 1260 1648 1304 (con-

1003 1321 1058 1348 tra
1084 1312 1284 1347 Casauboni
1312 1313 1543 1358 sententiam)
1562 1312 1649 1359 phi·

1002 1365 1195 1412 losophum
1204 1366 1323 1412 ipsum
1332 1364 1546 1400 adolescenti
1557 1377 1577 1399 a
1585 1377 1648 1412 pa-

1003 1419 1167 1453 rentibus
1188 1420 1260 1453 suis
1281 1418 1443 1453 additum
1466 1418 1647 1453 comitem.

1004 1472 1049 1505 In
1062 1470 1188 1505 eodem
1203 1483 1307 1505 sensu
1324 1479 1540 1517 acceperunt
1553 1471 1648 1505 Mar-

1004 1524 1076 1558 tial.
1089 1524 1152 1558 lib.
1169 1525 1222 1557 XI
1233 1549 1244 1566 ‚
1260 1524 1372 1570 epigr.
1389 1529 1453 1566 40,
1468 1531 1504 1557 et
1516 1524 1649 1569 Digest.

1006 1578 1090 1621 XV,
1113 1577 1158 1612 de
1183 1578 1324 1625 injuria.
1340 1579 1386 1611 Et
1402 1586 1523 1611 nostra
1541 1577 1653 1611 inter-

1007 1630 1163 1677 pretatio
1173 1630 1362 1677 praevaluit
1371 1629 1469 1676 apud
1479 1630 1655 1664 recentio-

1008 1695 1074 1718 res.
1086 1685 1223 1716 Diderot
1233 1690 1351 1717 tamen
1364 1707 1376 1724 ,
1387 1682 1425 1716 in
1439 1682 1655 1717 observatio-

1007 1737 1115 1771 nibus
1142 1736 1215 1770 suis
1243 1735 1289 1770 ad
1318 1735 1655 1781 interpretationem

1008 1789 1143 1824 abbatis
1160 1792 1205 1822 Le
1221 1790 1372 1822 Mounier
1385 1813 1398 1828 ,
1415 1788 1536 1834 inquit
1555 1801 1564 1822 ι
1584 1804 1598 1819 ι
1611 1788 1656 1822 Ie

1012 1860 1027 1874 ι
1038 1855 1084 1877 ne
1094 1843 1167 1876 suis
1175 1854 1236 1888 pas
1250 1841 1295 1876 de
1304 1850 1359 1876 cet
1368 1841 1452 1883 avis3
1458 1841 1545 1875 mais
1554 1840 1656 1875 n’im-

1014 1912 1030 1927 ι
1040 1904 1155 1942 porte.
1179 1895 1200 1928 J
1202 1907 1222 1929 e
1250 1894 1314 1929 fais
1337 1901 1528 1940 rapporter
1553 1893 1661 1927 l’uaus

1015 1966 1031 1981 ι
1041 1952 1091 1983 ait
1102 1950 1264 1988 comitum,
1273 1951 1292 1982 a
1301 1960 1471 1986 verumne,
1481 1949 1578 1980 itane.
1590 1962 1606 1976 ι
1617 1947 1659 1980 Α.

1011 2022 1060 2029 ——
1071 2006 1104 2034 V
1099 2015 1230 2035 erumne
1242 2007 1260 2034 ‚³
1281 2004 1378 2034 Itane
1389 2005 1407 2032 ι’
1433 1999 1558 2045 Inquit
1583 2006 1662 2033 stu-

1013 2053 1174 2099 pefactus
1192 2051 1294 2098 quasi
1316 2049 1542 2091 adolescens,
1561 2047 1662 2096 quod
1694 2045 1697 2047 ’

1015 2105 1117 2140 audit
1146 2104 1191 2139 de
1219 2105 1290 2138 alto
1316 2106 1390 2151 jam
1417 2103 1491 2137 sole
1505 2127 1516 2143 ‚
1546 2101 1662 2136 veluti

1013 2159 1084 2192 hoc
1113 2166 1190 2191 tum
1215 2158 1375 2204 primum
1402 2156 1435 2190 ei
1463 2153 1659 2189 accidisset.

1015 2230 1061 2237 -
1073 2212 1168 2243 Ocius
1183 2212 1275 2242 adsit.
1294 2208 1413 2255 Pergit
1425 2207 1520 2242 idem
1530 2230 1541 2247 ,
1561 2205 1662 2252 quasi

1015 2271 1158 2310 paratus
1162 2264 1334 2308 jacturam
1341 2259 1510 2306 temporis
1517 2257 1666 2305 diligen·

1017 2317 1066 2350 tia
1079 2315 1207 2348 sarcire
1215 2338 1226 2354 ‚
1237 2321 1273 2347 et
1284 2320 1386 2347 vocat
1403 2311 1568 2345 famulos.
1583 2310 1626 2344 C.

1066 2369 1101 2402 8.
1124 2367 1282 2411 Turgescit
1294 2367 1404 2398 vitrea
1424 2364 1516 2409 bilis]
1539 2362 1666 2397 Irasci·

1020 2429 1097 2462 tur,
1112 2420 1232 2466 inquit
1247 2418 1504 2466 philosophus,
1524 2419 1668 2450 Vineam

1024 2482 1143 2508 autem
1155 2481 1260 2507 vocat
1276 2473 1368 2504 bilem
1380 2496 1390 2513 ,
1403 2468 1555 2507 ὖαλώὃην
1570 2470 1667 2514 χολὴν

1023 2537 1059 2562 et
1081 2523 1226 2565 ὑαλῶδες
1251 2527 1378 2571 φλέγμα
1388 2549 1397 2562 ,
1420 2523 1519 2571 quod
1546 2534 1669 2556 revera

1022 2578 1207 2627 splendeat
1213 2578 1294 2612 bilis
1301 2590 1339 2611 ac
1346 2576 1462 2618 ςίλῧει,
1468 2575 1670 2622 eodemque

1024 2633 1069 2668 sit
1088 2631 1206 2666 colore
1222 2642 1262 2664 ac
1274 2630 1423 2664 vitrum.
1439 2629 1565 2663 Horat.

1104 2688 1198 2719 Iussit
1210 2688 1294 2728 quod
1306 2686 1464 2729 splendida
1475 2685 1557 2716 bilis.
1612 2683 1648 2715 G.
