1898 3216
779 333 821 379 V
830 337 851 381 I
864 335 904 380 Τ
914 334 967 380 A.
1485 341 1568 398 xvij

232 419 410 474 phnities
426 428 507 467 est,
525 419 568 458 in
586 432 664 471 qua
687 419 760 457 sita
778 420 902 472 ipsius
923 427 1015 458 sunt
1038 418 1147 458 urbis
1168 420 1312 458 moenia
1324 447 1335 466 ‚
1354 428 1471 472 atque
1490 430 1573 460 sta-

233 485 388 524 diorum
405 483 630 535 quindecim
648 495 829 522 ascensus
851 492 923 522 est.
940 486 973 521 E
991 483 1104 532 cujus
1120 484 1203 522 basi
1221 497 1340 536 rupes
1356 492 1438 522 tota
1454 485 1575 522 ardua

233 552 352 600 atque
367 548 551 586 difficilis.
570 547 658 586 Illic
674 548 887 599 aliquando
913 562 961 586 ex
988 548 1215 600 proscriptis
1240 561 1263 586 a
1287 548 1391 599 Sylla
1409 558 1578 600 quatuor

234 612 405 651 militum
421 613 661 664 complentes
681 612 858 651 ordinem
871 642 883 660 ,
902 613 1060 650 biennio
1077 626 1148 664 per
1168 612 1413 666 obsidionem
1430 614 1551 664 pressi
1567 641 1578 658 ,

235 676 392 717 undem
403 690 474 728 per
484 676 660 715 inducias
670 676 911 715 discedentes
921 676 1054 715 locum
1068 676 1182 714 illum
1192 675 1447 727 reliquerunt.
1459 678 1583 713 Natus

237 749 298 780 est
322 741 380 780 ibi
400 741 577 788 Persius,
602 754 706 780 anno
726 742 913 794 vigesimo
936 741 1065 793 primo
1094 741 1248 792 imperii
1277 740 1443 787 Tiberii,
1467 742 1583 779 tertio

238 818 342 844 anno
359 813 450 857 post
466 805 682 857 passionem
700 805 843 843 Christi
866 805 940 843 Dei
966 805 1086 843 nostri
1110 820 1119 842 :
1147 813 1324 843 mortuus
1340 818 1443 843 anno
1464 805 1584 843 aetatis

241 882 323 908 suae
347 870 544 921 trigesimo
562 897 574 916 ‚
601 883 707 908 nono
738 870 894 921 imperii
919 869 1084 908 Nemnis
1099 898 1111 916 ,
1140 882 1222 920 quo
1246 882 1350 907 anno
1376 869 1536 907 thermae
1563 882 1587 906 a

242 936 396 972 Nerone
410 933 606 972 aedificatae
624 942 727 972 sunt.
745 935 846 972 Cinn
859 934 1074 972 litterarum
1088 936 1203 971 causa
1217 936 1386 972 Romam
1402 935 1588 979 venisset,

245 1011 367 1049 annos
385 1011 559 1050 egressus
578 999 752 1050 pueritiae
766 1027 777 1044 ,
794 999 836 1036 in
855 998 1059 1049 disciplina
1074 1011 1115 1036 se
1134 998 1291 1036 tradidit
1308 1001 1483 1037 Cornuto
1497 999 1590 1051 phi-

247 1062 413 1115 losopho
426 1091 437 1109 ‚
459 1070 503 1100 ut
522 1063 604 1113 ipse
623 1063 762 1100 cecinit
779 1063 820 1100 in
838 1063 974 1113 quinta
993 1062 1129 1109 satira,
1145 1062 1215 1100 ubi
1230 1064 1307 1100 ait:

480 1138 566 1171 Ciun
582 1140 729 1181 primum
750 1139 872 1181 pavido
893 1146 1004 1170 custos
1023 1138 1107 1170 mihi
1123 1150 1271 1181 purpura
1289 1140 1390 1172 cessit

484 1193 646 1234 Bullaque
662 1192 843 1223 succinctis
860 1192 987 1224 laribus
1005 1192 1129 1224 donata
1146 1193 1326 1235 pependit:

484 1246 542 1276 Me
561 1245 623 1275 tihi
638 1245 822 1288 supposui:
839 1252 972 1276 teneros
990 1251 1029 1276 tn
1047 1246 1189 1287 suscipis
1205 1256 1313 1277 annos

483 1299 669 1336 Socratico,
687 1299 859 1336 Coi-unte,
878 1299 967 1329 sinu.

255 1369 357 1405 Eum
380 1367 532 1404 summa
549 1366 691 1416 pietate
709 1365 833 1403 coluit
856 1374 895 1404 et
919 1366 1153 1404 obedientis.
1173 1369 1277 1405 Usus
1297 1374 1355 1404 est
1371 1366 1541 1405 amicitia
1560 1368 1601 1406 in

258 1430 393 1482 primis
421 1429 579 1467 Minutii
600 1430 763 1467 Macrini
788 1430 957 1468 Brixiani
970 1459 982 1476 ‚
1008 1430 1199 1482 equestris
1226 1430 1372 1468 ordinis
1386 1459 1398 1477 ,
1416 1432 1604 1483 principis

252 1493 348 1539 viri,
368 1492 551 1544 singulari
571 1492 761 1531 modestia
774 1522 786 1539 ,
809 1501 848 1531 et
866 1493 967 1531 fide:
988 1502 1028 1532 et
1053 1495 1163 1532 Caesii
1187 1494 1312 1540 Bassi,
1331 1497 1456 1546 poetae
1477 1495 1603 1545 lyrici.

254 1558 389 1595 Aetate
401 1557 481 1606 jam
495 1556 627 1594 adulta
637 1585 648 1602 ‚
665 1570 731 1594 sex
748 1557 880 1595 satiras
894 1557 994 1595 mira
1010 1558 1189 1596 carminis
1205 1558 1412 1596 acerbitate
1426 1559 1578 1610 scripsit
1592 1588 1604 1605 ‚

256 1633 346 1671 quae
359 1633 465 1658 nunc
481 1620 522 1658 in
538 1620 718 1657 manibus
736 1620 950 1667 habentur,
968 1622 1010 1659 in
1028 1622 1172 1672 quibus
1191 1635 1343 1659 summa
1360 1623 1445 1674 ejus
1461 1623 1608 1673 ingenii

255 1684 380 1722 virtus
394 1684 609 1731 indicatur;
626 1684 731 1722 unde
746 1698 826 1723 non
844 1686 1039 1723 immerito
1053 1686 1315 1732 Quintilianus
1329 1700 1421 1724 eum
1436 1687 1610 1724 multum

258 1761 358 1786 verae
381 1747 513 1799 gloriae
536 1748 746 1794 memisse,
765 1749 942 1800 quamvis
969 1762 1051 1787 uno
1076 1749 1178 1787 libro
1193 1778 1205 1796 ‚
1228 1750 1412 1801 prodidit.
1432 1753 1530 1798 Quae
1557 1751 1608 1788 ab

258 1813 345 1850 aliis
365 1813 570 1850 traduntur
590 1812 640 1850 de
658 1812 743 1860 ejus
759 1813 854 1859 vita,
871 1811 963 1851 ciim
980 1814 1208 1852 auctoritate
1226 1823 1398 1862 careant,
1418 1815 1514 1854 mihi
1529 1829 1609 1854 non

262 1876 491 1928 probantur.
516 1876 715 1926 Tenuium
740 1890 862 1928 opum
889 1890 929 1915 se
953 1877 1071 1916 fuisse
1098 1878 1267 1917 declarat
1290 1879 1396 1917 illic:

497 1961 587 2000 Quis
605 1961 775 2004 expedivit
791 1962 935 2003 psittaco
954 1972 1054 1992 suum
1070 1963 1164 2007 χαῖρε
1174 1955 1192 1991 ἐ’

498 2013 658 2055 Picasqne
676 2014 793 2045 docuit
811 2013 912 2045 verba
926 2021 1041 2054 nostra
1059 2015 1174 2046 conari
1186 2016 1201 2046 ἓ

496 2067 655 2109 Magister
672 2068 750 2099 artis
761 2090 772 2107 ,
790 2067 970 2111 ingenique
987 2069 1123 2110 largitor

499 2119 635 2151 Venter.
1091 2127 1095 2131 ’

693 2341 880 2392 VITA
918 2304 1196 2393 PERSII

323 2469 396 2506 AB
421 2469 568 2506 ALIO
596 2470 885 2508 AUCTORE
914 2470 1177 2507 BREVIUS
1209 2469 1569 2508 DESCRIPTA.

328 2590 496 2626 Annus
532 2591 747 2627 Pzasms
787 2591 1008 2627 Fucens
1049 2587 1175 2638 pridie
1214 2590 1343 2627 Nonas
1372 2589 1613 2639 decembris,

278 2651 397 2690 Fabio
429 2653 559 2691 Prisco
582 2681 594 2699 ,
623 2654 746 2691 Lucio
781 2653 926 2690 Vitello
964 2652 1200 2690 Consulibus
1220 2681 1232 2699 ‚
1266 2662 1381 2692 natus
1415 2665 1474 2693 est
1498 2658 1619 2695 Vola-

280 2716 389 2753 tenis
416 2718 577 2756 Etruriae
606 2718 782 2765 civitate3
810 2718 879 2768 qui
910 2730 931 2755 a
963 2725 1070 2768 patre
1100 2718 1231 2770 equite
1262 2719 1439 2771 pupillus
1461 2723 1620 2762 relictus

1361 2784 1388 2827 b
