1898 3216
266 267 329 326 ‘vj
763 266 1171 310 PRAEFATIO.

289 362 444 422 ditio,
479 377 602 427 pace
635 361 763 408 tanti
792 363 888 409 viri
923 361 1115 422 dicam,
1150 361 1494 422 redundaret,
1527 364 1649 411 inda>

287 460 489 498 tantum
532 449 679 497 elicui
718 450 963 514 quicquid
1011 451 1073 498 ad
1115 453 1430 516 propositum
1473 468 1644 499 meum

286 540 467 587 melius
491 577 503 599 ‚
546 529 919 587 commodiusve
960 542 1120 606 aptari
1162 557 1306 605 posse
1344 540 1470 587 mihi
1506 541 1643 588 vide·

286 639 430 677 retur
452 645 465 676 ε
492 628 696 693 quando
722 629 857 675 enim
882 628 944 675 de
971 630 1213 693 scriptore
1244 639 1347 677 tam
1382 629 1647 676 recondito

285 722 451 785 agitur
467 756 480 777 ,
503 717 632 765 nihil
664 719 979 782 praestantius
997 754 1010 777 ,
1042 716 1353 766 efficaciusve
1378 719 1531 782 quam
1561 734 1643 764 ex-

285 808 489 874 plicatio
515 807 723 872 simplex
749 824 803 854 ac
827 817 1071 871 perpetua
1087 843 1099 866 ,
1126 824 1238 871 quae
1263 805 1342 854 vel
1373 807 1642 853 minimum

285 896 462 943 lectori
505 895 892 942 desiderandum
930 894 1198 959 relinquat.
1243 895 1646 942 Commentarius

285 985 441 1049 igitur
471 986 563 1030 iste
589 1000 730 1030 meus
755 993 828 1030 est
850 984 993 1047 quasi
1017 999 1213 1029 summa
1237 982 1645 1030 observationum

286 1086 402 1133 quae
429 1070 491 1116 ad
516 1069 653 1116 hunc
681 1069 815 1115 diem
849 1069 910 1115 de
940 1070 1105 1115 Persio
1136 1069 1283 1115 nobis
1313 1069 1507 1116 traditae
1536 1067 1646 1116 fue-

285 1168 433 1218 runt,
453 1157 515 1205 ad
534 1174 660 1222 quas
675 1167 961 1222 opportune
983 1156 1226 1204 accedunt
1243 1157 1432 1204 inedita
1454 1157 1616 1205 multa
1629 1195 1646 1218 ,

285 1262 400 1310 quae
439 1245 567 1291 mihi
604 1244 684 1292 v'el
726 1245 918 1291 occasio
942 1281 956 1304 ‚
994 1243 1073 1291 vel
1117 1246 1394 1292 amicorum
1427 1245 1666 1292 benevor

285 1333 441 1380 lentia
469 1332 809 1397 suppeditavit
841 1342 1039 1397 z‘atque
1056 1369 1069 1392 ‚
1096 1342 1155 1380 ut
1184 1349 1334 1379 suum
1367 1333 1647 1398 unicuique

284 1421 543 1468 redderem
557 1459 570 1481 ,
590 1421 769 1468 litteris
787 1420 1063 1468 initialibus
1082 1422 1242 1468 varias
1264 1431 1407 1469 notas
1427 1423 1646 1487 signavi,

285 1510 527 1558 suadente
546 1510 745 1557 erudito
766 1511 872 1557 viro
892 1514 1229 1557 FRANCISCO
1248 1513 1645 1568 BOISSONADE,

286 1600 376 1663 qui
408 1607 457 1644 et
490 1600 545 1645 in
575 1599 740 1645 Persio
777 1597 997 1658 edendo,
1026 1607 1085 1644 ut
1117 1607 1263 1644 antea
1292 1599 1346 1644 in
1376 1597 1644 1656 Juvenale,

287 1685 507 1733 consiliis
542 1687 643 1734 suis
682 1703 762 1733 me
794 1686 1179 1751 perhumaniter
1211 1686 1419 1750 adjuvit.
1460 1688 1535 1735 Ne
1572 1695 1644 1734 ta-

285 1790 403 1821 men
429 1811 441 1833 ,
479 1777 657 1822 Lector
682 1811 695 1834 ‚
732 1791 894 1833 erres,
931 1774 984 1821 id
1020 1785 1069 1822 te
1105 1776 1463 1839 praemonitum
1498 1773 1644 1832 volo,

287 1862 498 1921 scilicet,
520 1880 600 1909 me
626 1880 731 1910 non
755 1879 948 1928 semper
971 1863 1146 1910 iisdem
1162 1900 1175 1923 ‚
1198 1880 1292 1911 nec
1314 1863 1524 1911 totidem
1540 1880 1647 1911 ver-

285 1951 364 1998 his
393 1952 580 2016 quibus
608 1951 680 1997 illi
714 1961 858 1999 notas
886 1952 1139 2012 exarasse3
1177 1968 1302 2015 quas
1338 1951 1492 1999 modo
1525 1968 1643 2000 con·
1710 1985 1713 1987 ,

286 2040 444 2098 traxi,
472 2038 623 2086 modo
649 2039 890 2104 produxi,
916 2057 1011 2105 pro
1039 2050 1098 2087 ut
1127 2049 1391 2105 poscerent
1415 2041 1566 2088 series
1597 2050 1648 2088 et

287 2127 412 2174 ordo
428 2128 607 2192 operis.
626 2126 959 2175 Difficultates
978 2127 1248 2176 nonnullas
1264 2137 1313 2174 et
1326 2126 1649 2178 incommoda

286 2232 390 2279 prae
412 2232 464 2263 se
487 2214 616 2263 ferre
636 2215 775 2264 hunc
798 2216 1162 2282 interpretandi
1187 2215 1395 2265 modum
1421 2232 1526 2263 non
1551 2214 1645 2263 dif-

288 2302 458 2362 fiteor,
488 2313 538 2352 at
567 2304 662 2351 illae
704 2322 796 2352 nec
838 2315 958 2353 sunt
993 2315 1172 2362 tantae,
1207 2314 1408 2369 quantae
1443 2319 1555 2368 quae
1585 2319 1647 2354 ex

289 2391 606 2440 inconcinnis
632 2409 688 2439 ac
718 2395 825 2440 sine
849 2393 1046 2441 delectu
1072 2393 1279 2457 direptis
1304 2392 1422 2439 hinc
1449 2401 1500 2438 et
1529 2391 1647 2438 inde

291 2479 422 2526 notis
446 2480 743 2545 procedunt.
771 2481 897 2528 Cum
929 2481 991 2528 acl
1019 2481 1288 2528 utilitatem
1310 2480 1510 2529 lectoris
1534 2496 1647 2545 per·

290 2575 446 2629 petuo
467 2569 760 2616 attenderim
773 2607 786 2630 ‚
808 2569 947 2634 quod
973 2570 1019 2617 ei
1039 2568 1496 2618 commodissimum
1516 2565 1647 2615 foret
