1898 3216
686 312 1102 356 PRAEFATIO.
1517 318 1559 372 xj

260 414 346 459 De
364 409 667 458 obscuritate
685 409 839 455 Persii
856 406 1155 471 jamdudum
1176 417 1563 471 conqueruntur

210 500 385 548 critici.
407 498 500 545 Sed
520 533 534 556 ‚
559 508 617 544 ut
640 506 773 543 recte
794 496 1074 544 observavit
1091 494 1332 560 Vulpius,
1357 498 1411 542 in
1432 494 1564 543 libro

206 604 300 636 suo
327 585 390 634 de
421 587 578 633 Satira
606 587 782 632 Latina
807 585 886 650 (p.
926 583 1075 649 153),
1102 601 1161 631 ea
1189 577 1362 648 opinio
1394 584 1458 631 ab
1485 586 1563 631 in-

206 676 348 724 scitia
386 684 436 720 et
473 673 773 738 negligentia
821 673 1065 720 lectorum
1111 673 1283 736 potius
1331 674 1485 736 quam
1535 689 1565 719 a

204 767 353 828 poeta
391 763 501 826 ipso
543 763 788 825 originem
826 760 970 808 duxit
1003 778 1013 807 z
1055 758 1388 806 nihilominus
1429 760 1564 807 idem

207 852 411 899 criticus
435 859 538 896 tres
564 865 735 896 causas
763 849 1082 896 obscuritatis
1110 848 1352 894 Persianae
1383 850 1437 895 in
1461 866 1564 895 me-

207 939 349 986 dium
375 936 547 997 affert,
567 954 784 1002 quarum
808 955 963 984 unam
990 938 1085 1002 ipsi
1107 937 1321 1000 assignat
1341 938 1562 994 auctori,

208 1027 412 1075 alteram
435 1025 732 1085 lectoribus,
755 1027 956 1072 tertiam
981 1025 1359 1089 interpretibus.
1382 1028 1442 1072 Et
1466 1026 1567 1090 pri-

206 1131 379 1173 mum,
411 1112 571 1160 multa
610 1122 731 1159 sunt
768 1130 879 1177 quae
917 1113 1141 1159 Persium
1180 1111 1454 1160 obscurum
1493 1112 1565 1159 fa-

207 1205 380 1252 ciunt:
414 1203 660 1266 imprimis
675 1238 688 1260 ‚
712 1201 866 1248 dictio
897 1202 1090 1265 tropica
1108 1237 1122 1259 ,
1148 1200 1366 1247 eruditio
1390 1218 1564 1248 recon-

208 1293 313 1340 dita
331 1329 344 1351 ‚
369 1300 420 1339 et
449 1292 723 1355 βραχυλογία,
744 1307 832 1337 seu
859 1289 1277 1354 breviloquentia.
1301 1292 1373 1336 Ex
1397 1292 1567 1337 stoicis

207 1381 441 1428 hauserat
476 1380 767 1443 gravitatem
804 1376 1328 1443 magnificentiamque
1350 1414 1364 1436 ‚
1400 1377 1566 1424 erudi-

207 1469 397 1515 tionem
410 1503 424 1527 ,
445 1482 501 1513 ac
520 1467 795 1531 praesertim
816 1465 946 1512 hanc
965 1465 1261 1513 brevitatem
1284 1467 1338 1512 in
1354 1465 1566 1531 loquen-

206 1557 298 1616 do,
329 1566 482 1621 quam
506 1557 691 1621 passim
727 1554 1043 1603 affectabant.
1073 1560 1336 1616 Praeterea,
1362 1558 1566 1605 transla-

207 1645 369 1692 tiones
387 1644 657 1692 verborum
670 1680 683 1701 ‚
706 1655 755 1691 et
774 1643 1088 1691 locutionum
1109 1655 1247 1710 grata
1267 1646 1499 1710 quaedam
1520 1657 1570 1694 et

205 1743 417 1780 venusta
452 1732 727 1780 obscuritas
766 1734 836 1779 eis
873 1733 1229 1798 perplacebant
1249 1770 1262 1793 ‚
1286 1737 1341 1780 in
1380 1735 1569 1799 quibus

209 1837 337 1886 saepe
361 1830 592 1867 constant
615 1822 691 1867 vis
722 1829 771 1866 et
801 1822 1102 1879 acrimonia,
1135 1839 1350 1886 quaeque
1381 1823 1435 1869 in
1465 1823 1570 1870 dia-

207 1908 501 1956 lecticorum
533 1909 784 1955 senticetis
799 1945 811 1968 ,
839 1911 993 1973 quam
1024 1911 1079 1956 in
1106 1909 1368 1957 rhetorum
1387 1912 1570 1959 virida-

208 1998 296 2044 riis
326 1995 692 2061 frequentiores
720 2006 856 2043 sunt.
886 1996 1054 2044 Altera
1085 2014 1231 2045 causa
1253 2000 1306 2045 in
1332 2001 1452 2064 ipsis
1472 1999 1569 2047 lec-

211 2085 423 2132 toribus.
461 2083 690 2149 Plerique
732 2087 868 2131 enim
911 2087 1142 2151 imparati
1184 2089 1450 2152 scriptores
1482 2091 1571 2134 La-

213 2173 564 2220 tinosadeunt
586 2208 599 2231 ,
631 2171 771 2220 nulla
795 2174 979 2238 praevia
1013 2176 1330 2239 antiquitatis
1365 2176 1571 2235 notitia,

211 2260 314 2324 qua
326 2260 536 2318 sublata,
555 2278 646 2308 nec
658 2263 878 2322 Persius,
897 2279 990 2309 nec
1007 2262 1089 2309 alii
1108 2273 1320 2327 possunt
1341 2263 1569 2328 intelligi.

213 2346 434 2395 Multum
464 2350 600 2395 enim
629 2349 911 2414 discrepant
949 2352 1077 2398 ritus
1106 2361 1155 2398 et
1185 2351 1574 2399 consuetudines

210 2444 438 2482 veterum
469 2453 496 2483 a
526 2438 708 2484 nostris
726 2474 739 2497 ,
770 2454 935 2502 neque
967 2455 1027 2484 ex
1059 2438 1284 2484 moribus
1316 2437 1574 2486 hodiernis

151 2554 154 2555 ν
215 2524 365 2586 prisci
395 2525 671 2572 aestimandi
705 2537 855 2573 sunt:
882 2536 1189 2591 quapropter
1220 2526 1383 2591 ampla
1413 2528 1575 2592 supel-

215 2607 377 2658 lectile
405 2628 533 2677 opus
566 2623 639 2661 est
673 2613 734 2661 ad
766 2613 1146 2678 intelligentiam
1181 2623 1290 2662 tum
1318 2625 1569 2671 veterum,
