1846 3184
299 302 386 345 280
549 302 599 345 C.
638 302 902 345 LUCILII
939 296 1363 346 FRAGMENTA

818 422 1125 439 mmm

468 528 561 571 Ex
601 498 996 571 LIBROXIXv
1031 526 1471 572 SATIRARUM.

954 650 986 685 I.

353 713 417 753 Sic
437 722 480 751 tu
499 713 589 750 illos
608 707 759 750 fruetus
781 725 953 763 quaeras,
975 712 1134 750 adversa
1150 712 1314 763 hyeme,
1334 713 1430 752 olim

353 778 473 826 Queis
492 778 551 815 uti
572 777 696 828 possis
711 806 721 823 ,
741 776 824 815 haec
843 774 1035 815 delectare
1055 777 1163 815 domi
1182 786 1233 815 te.

941 841 1004 878 ΓΙ.

353 909 509 945 Aurum
523 906 581 944 vis
593 936 604 953 ‚
620 906 892 944 hominemve?
908 905 1050 943 habeas
1067 905 1290 943 hominem:
1307 906 1405 957 quid
1419 907 1469 944 ad
1482 919 1624 945 aurum
1635 908 1652 943 ?

354 974 483 1019 Quare
496 999 506 1017 ‚
527 979 572 1008 ut
589 971 749 1008 dicimu’
761 999 771 1016 ,
789 984 870 1008 non
888 970 1003 1008 video
1021 969 1085 1008 hic
1105 970 1203 1021 quid
1219 982 1452 1022 magnopere
1468 979 1614 1023 optem.

934 1037 953 1072 I
966 1037 985 1072 I
997 1037 1028 1072 I.

355 1103 410 1142 Ut
428 1101 540 1153 pueri
558 1100 725 1139 infantes
742 1100 891 1138 faciunt
908 1099 1181 1138 mulierculam
1199 1099 1418 1139 honestam.

941 1167 1017 1202 IV.

358 1231 421 1270 Sic
440 1230 664 1282 singillatim
682 1228 859 1268 nostram
877 1228 1150 1280 unusquisque
1168 1237 1361 1267 movetur.

646 1336 647 1339 Ἴ
954 1296 1003 1331 V.

360 1363 479 1399 Sume
498 1356 603 1397 diem
617 1389 627 1407 ,
645 1359 716 1411 qui
733 1367 792 1398 est
807 1359 904 1397 visu'
924 1357 995 1404 u‘bi
1012 1356 1300 1410 pulcherrimus
1316 1370 1432 1395 unus.

942 1427 977 1461 V
987 1426 1018 1460 I.

359 1489 724 1528 Peniculamentum
741 1501 830 1525 vere
848 1487 1132 1540 reprehendere
1151 1487 1248 1525 noli.

924 1554 958 1587 V
968 1553 987 1588 1
1001 1553 1033 1588 I.

358 1620 495 1657 Latere
514 1616 710 1668 pendenS‚
729 1629 816 1653 saxa
835 1628 1017 1667 spargens
1037 1615 1128 1653 tabo
1147 1623 1186 1653 et
1204 1614 1389 1667 sangnine
1408 1621 1506 1651 atro.

586 1668 589 1678 ²
912 1682 948 1717 v
957 1682 977 1717 1
991 1682 1010 1716 1
1021 1681 1052 1717 1.

360 1750 542 1786 Rausuro
563 1746 742 1798 tragicus·
756 1744 826 1797 qui
845 1744 1015 1782 carmina
1036 1744 1165 1796 perdit
1181 1746 1328 1782 Oreste.

948 1811 967 1847 1
979 1810 1031 1846 X.

363 1876 615 1928 Scalprorum
633 1877 908 1928 forcipumque
925 1874 1050 1912 millia
1066 1873 1216 1925 viginti.

964 1942 1016 1977 X.

373 2032 1022 2042 .........................
1046 2005 1095 2041 Et
1113 2002 1225 2040 uncis

364 2070 595 2121 Forcipibus
613 2069 748 2107 dentes
769 2068 963 2106 evelleret.

363 2197 394 2221 1.
407 2189 557 2221 Nonius:
569 2187 665 2228 Olim,
676 2185 958 2228 temporiafuturi.
1013 2182 1016 2186 ⁴
1062 2185 1095 2216 6.
1125 2184 1257 2216 Nonius
1278 2183 1624 2226 εῬεηίσμὶαιηεηειυη,
1643 2193 1663 2214 a

362 2253 395 2274 2.
414 2240 568 2273 Noniae:
583 2243 721 2283 Optare,
735 2239 865 2281 eligere.
1013 2237 1181 2270 veteribus
1198 2249 1273 2279 pars
1288 2238 1387 2268 vestis
1405 2237 1539 2268 dicitur.

361 2297 395 2328 3.
415 2295 547 2327 Nonius
560 2306 568 2325 ε
585 2292 753 2336 Infantes,
769 2303 788 2324 a
802 2290 873 2324 non
889 2290 962 2323 fau-
1062 2291 1253 2329 7.N0nius:
1264 2292 1436 2332 Spargere,
1446 2290 1660 2321 madefacere.

314 2349 359 2381 do
372 2349 454 2380 dicti
466 2354 557 2380 sunt.
590 2356 594 2359 *
1065 2345 1098 2374 8.
1111 2343 1314 2380 Priscianus,
1326 2342 1385 2372 lib.
1397 2342 1446 2374 X:
1459 2342 1574 2380 Rausi,
1587 2354 1664 2373 rau-

363 2409 396 2441 4.
415 2402 574 2435 Nonius:
594 2401 787 2444 Singulatim
803 2408 837 2432 et
848 2399 965 2443 singil-
1018 2408 1098 2428 sum.

302 2457 427 2498 latim,
445 2467 465 2487 a
482 2456 634 2499 singulis.
844 2472 848 2476 -
1065 2460 1098 2492 9.
1118 2444 1308 2487 charisius,
1321 2448 1381 2480 lib.
1401 2450 1435 2480 1:
1452 2448 1663 2480 Medicorum

366 2511 398 2541 5.
416 2510 572 2542 Nonius:
591 2511 721 2542 Sumere
739 2492 837 2541 etiam
858 2506 964 2550 signi-
1007 2503 1152 2547 forcipes
1162 2501 1310 2534 dicitlib.
1322 2502 1418 2533 xlx.
1431 2502 1588 2544 Scalpmr,
1602 2509 1665 2533 etc.

316 2561 392 2594 ficat
408 2563 539 2607 eligere.
1067 2568 1121 2590 10.
1142 2555 1333 2595 Charisius,
1350 2554 1411 2587 lib.
1432 2557 1458 2586 Ι.
