1846 3184
375 317 452 368 Ῑῷ

724 316 782 356 Α,
815 314 1058 357 PERSII
1098 315 1354 358 FLACCI

427 396 603 439 Publica
618 396 687 438 lex
704 395 955 450 hominum,
974 407 1210 455 naturaque
1226 398 1420 440 continet
1437 397 1521 441 hoc
1537 397 1598 441 fas
1609 430 1622 452 ‚

427 473 487 514 Ut
510 483 653 514 teneat
674 473 828 514 vetitos
851 460 1022 515 inscitia
1046 472 1201 515 debilis
1226 485 1362 516 actus.

423 550 564 591 Diluis
583 550 848 602 elleborum,
868 561 986 592 certo
1006 565 1276 608 compescere
1293 562 1455 609 puncto

1653 567 1720 591 ¹00

425 626 604 668 Nescius
623 640 801 666 examen
819 640 828 665 ε
848 636 963 667 vetat
980 625 1064 668 hoc
1083 637 1235 669 natura
1255 627 1474 670 medendi.

421 703 585 744 Navem
605 702 642 743 si
670 712 817 759 poscat
836 701 918 743 sibi
942 713 1174 760 peronatus
1198 714 1341 746 arator
1370 745 1373 749 Δ

425 777 612 819 Luciferi
632 776 753 818 rudis
765 809 777 829 ,
796 777 1006 819 exclamet
1027 778 1248 821 Melicerta
1266 778 1427 838 perisse

418 853 626 895 Frontem
651 852 706 894 de
729 853 869 894 rebus.
895 853 996 895 Tibi
1020 864 1138 895 recto
1156 855 1299 897 vivere
1323 855 1409 896 talo

363 957 643 1009 *riyy'nm—Quod
650 965 722 1006 quis
730 963 866 995 vitiabit
876 964 1013 1007 agendo.

364 1016 474 1058 Quod
489 1016 571 1062 quis
588 1014 726 1062 agendo
745 1016 963 1050 contaminat
978 1025 1015 1050 et

364 1069 474 1104 foedat
487 1095 497 1111 ‚
517 1079 560 1104 ut
576 1070 605 1103 si
625 1070 705 1116 quis
724 1068 888 1104 medicus
904 1070 1014 1104 fabri·

363 1123 410 1157 lia
429 1131 569 1157 tractet.
590 1122 629 1156 C.
647 1131 682 1156 et
699 1124 740 1157 L.

412 1177 471 1221 98.
490 1177 626 1209 Publica
650 1178 705 1208 lex
730 1177 922 1220 homimum]
940 1176 1012 1210 Ex·

362 1229 492 1276 politio
509 1228 642 1275 prioris
661 1229 844 1265 sententiae
858 1243 865 1262 :
885 1241 960 1263 non
975 1228 1014 1263 id

363 1282 575 1316 continetur
607 1282 740 1315 rubricd
770 1281 921 1321 Masurf,
952 1280 1014 1316 sed

363 1344 444 1369 nata
464 1335 542 1381 lege
564 1335 752 1368 nobiscum
767 1348 775 1365 ε
791 1334 956 1381 adeoque
975 1335 1014 1368 in

362 1389 432 1422 hoc
451 1389 682 1422 consentiunt
702 1401 844 1430 omnes,
864 1388 963 1435 quod
979 1398 1015 1423 et

362 1449 489 1475 natura
518 1442 595 1487 ipsa
626 1444 685 1488 jus
718 1453 792 1475 esse
819 1441 977 1476 ostendit
1001 1455 1011 1485 ;

364 1495 500 1529 scilicet
512 1521 523 1537 ‚
539 1503 580 1529 ut
598 1495 727 1528 inscitia
745 1496 877 1534 debilis,
894 1505 953 1528 etc.
967 1497 1010 1528 A.

410 1561 470 1593 99.
500 1551 542 1580 Ue
564 1557 674 1581 teneat
694 1550 836 1587 vetitos,
859 1549 932 1594 eea]
961 1549 1012 1582 Ut

362 1604 475 1635 debilis
500 1603 646 1640 inscitia,
669 1601 709 1634 id
733 1610 805 1642 est,
823 1595 873 1635 ut!
891 1603 1012 1648 cujus-

363 1668 523 1702 cumque
539 1656 624 1689 artis
644 1655 855 1702 imperitus,
871 1665 906 1690 et
927 1668 1012 1702 pro-

362 1716 485 1755 pterea
511 1708 694 1755 impotens
721 1707 766 1742 ad
790 1708 887 1742 illam
910 1721 1012 1742 exer-

363 1760 515 1795 cendam
531 1771 640 1794 teneat
648 1763 767 1794 ‘vetitos
777 1787 787 1804 ‚
803 1760 841 1795 id
856 1769 910 1795 est
923 1786 934 1803 ‚
950 1762 1012 1795 ha-

362 1815 444 1848 beat
458 1827 526 1861 pro
539 1815 658 1850 vetitis
671 1827 711 1849 ac
725 1815 793 1848 sibi
809 1814 1013 1849 interdictis

362 1877 452 1900 actus
474 1880 565 1914 quos
593 1869 728 1910 nescit,
750 1869 807 1902 vel
833 1881 925 1915 quos
951 1871 1014 1903 sust

362 1921 544 1967 imperitia
563 1921 727 1963 foedaret.
749 1921 793 1955 C.

412 1985 492 2007 100.
531 1975 636 2006 Diluis
671 1975 883 2007 helleborum.
904 1974 917 2020 ]
955 1974 1012 2008 Ad

362 2026 526 2072 exempla
544 2024 654 2059 redit.
678 2026 793 2059 Nemo
816 2026 907 2059 ferat
932 2039 1013 2072 quae

362 2087 448 2113 sunt
472 2077 604 2112 medici
625 2091 728 2125 agere
753 2091 838 2113 eum
859 2079 922 2125 qui
939 2092 1013 2112 non

363 2131 410 2164 sit
441 2129 619 2164 medicus.
633 2151 682 2156 ——
696 2132 788 2163 Certo
818 2143 1015 2173 compescere

357 2193 491 2228 puncto.
524 2183 668 2230 Spectat
699 2182 745 2217 ad
778 2182 923 2229 pondus
954 2184 1013 2217 vel

365 2237 600 2283 quantitatem
613 2236 787 2270 hellebori
808 2248 918 2283 quam
930 2248 1012 2270 nes-

365 2291 422 2324 cit.
441 2292 486 2325 A.

415 2356 492 2379 101.
510 2346 639 2377 Natura
654 2346 826 2388 medendi]
846 2343 915 2378 Pro
937 2355 1011 2378 me-

364 2396 443 2431 dica
457 2405 552 2439 arte,
571 2397 655 2444 quia
675 2409 730 2431 ars
748 2396 910 2430 mitur-am
928 2396 1011 2429 imi-

364 2459 460 2485 tatur
477 2459 513 2484 et
531 2449 678 2497 adjuvat
690 2475 701 2492 ,
719 2449 778 2484 vel
798 2449 919 2496 potius
936 2449 1012 2496 ipsa

363 2503 520 2538 secunda
538 2511 592 2537 est
611 2512 750 2537 natura.

414 2569 494 2591 102.
521 2557 643 2589 Navcrr'i
665 2559 693 2589 si
710 2566 841 2600 poscat,
856 2555 927 2602 etc]
952 2555 1012 2589 Al-

364 2618 483 2643 terum
499 2611 708 2656 exemplum
720 2610 763 2643 ab
778 2610 946 2656 imperito
959 2609 1012 2643 rei

365 2663 527 2695 nauticae.
549 2663 619 2695 Dio
641 2663 882 2710 Chrysostom.
904 2662 943 2695 in
963 2662 1011 2695 X.

365 2708 410 2754 ὣς
436 2716 472 2749 ἂν
502 2718 645 2763 ἐπιχειρῇ
670 2714 823 2762 πηδαλίῳ
850 2719 1010 2762 χρῆσθαι,

1068 967 1126 999 οὐκ
1141 965 1337 1012 ἐπιςοίμενος
1358 964 1510 1012 κυῧερνᾷν
1521 991 1531 1005 ,
1548 966 1613 1006 ἐςὶν
1631 967 1716 1007 ὅπως
1752 959 1755 965 ’

1067 1019 1124 1052 οὐκ
1148 1018 1185 1052 ἂν
1207 1019 1333 1063 τάχιςα.
1359 1019 1542 1065 ἀνατρέψας
1563 1021 1622 1057 τὴν
1640 1025 1716 1054 ναῦν

1066 1072 1162 1106 αὑτόν
1196 1086 1233 1106 τε
1266 1072 1434 1105 ἀπαλὲσειε
1467 1071 1522 1106 καὶ
1551 1073 1624 1112 τοὺς
1657 1074 1716 1116 ἐμ.-

1065 1126 1236 1164 πλέοντας.
1253 1128 1488 1158 -Peronacus
1506 1134 1630 1158 arator.
1650 1125 1718 1159 Pe-

1068 1178 1244 1220 mnibus,
1263 1178 1328 1224 qui
1353 1187 1440 1212 sunt
1460 1178 1568 1213 calcei
1589 1179 1719 1213 rustici

1069 1244 1089 1265 e
1117 1231 1232 1266 crudo
1259 1231 1379 1274 corio,
1406 1230 1557 1266 indutus
1585 1240 1716 1266 arator.

1069 1283 1154 1318 Vid.
1168 1284 1332 1318 Juvenal.
1346 1292 1407 1318 sat.
1419 1285 1525 1326 XIV,
1537 1298 1568 1319 v.
1588 1284 1664 1318 186.
1679 1285 1718 1319 C.

1119 1337 1198 1371 103.
1218 1337 1362 1381 Luciferi
1377 1336 1487 1383 rudis]
1509 1336 1554 1372 Id
1570 1345 1644 1380 est,
1664 1346 1720 1371 to-

1069 1392 1140 1425 tius
1164 1391 1363 1425 coelestium
1389 1391 1522 1438 θεωρίας
1544 1392 1716 1438 ignarus:

1068 1457 1151 1478 nam
1162 1468 1172 1484 ‚
1187 1444 1249 1490 qui
1263 1443 1366 1491 rudis
1379 1451 1432 1478 est
1442 1443 1623 1486 Luciferi,
1634 1443 1734 1491 fiel&

1065 1497 1107 1529 lae
1135 1496 1314 1537 Veneris,
1338 1505 1374 1530 et
1404 1495 1471 1529 alia
1499 1504 1594 1530 astra
1620 1503 1718 1529 certe

1066 1547 1188 1580 nescit.
1197 1567 1243 1572 —
1253 1548 1430 1579 Melicerta.
1443 1543 1473 1583 ὁ
1490 1549 1594 1593 τυχὼν
1606 1576 1615 1591 ,
1634 1549 1718 1595 qui-

1065 1600 1134 1635 vis.
1149 1598 1220 1633 Sed
1236 1599 1458 1634 Melicertam
1473 1599 1556 1634 ideo
1570 1601 1693 1646 posuit
1707 1625 1718 1642 ‚

1066 1652 1130 1699 qui
1146 1664 1242 1685 unus
1259 1660 1313 1685 est
1327 1664 1346 1685 e
1361 1652 1437 1686 Diis
1451 1653 1614 1694 marinis,
1632 1653 1718 1700 quia

1066 1705 1315 1752 navigantibus
1333 1705 1427 1740 nulli
1444 1714 1643 1740 occurrunt
1657 1706 1718 1740 alii

1067 1761 1176 1805 quem
1193 1757 1254 1791 Dii
1273 1758 1380 1792 maris
1399 1766 1461 1792 aut
1477 1758 1717 1793 Tritones.—

1066 1811 1189 1845 Peri'ssc
1205 1812 1354 1855 frontem
1381 1814 1422 1845 de
1449 1815 1558 1853 rebus„
1584 1811 1716 1846 Totam

1067 1874 1232 1900 naturam
1248 1877 1372 1899 rerum
1391 1865 1627 1912 impudenter
1644 1874 1718 1899 esse

1066 1931 1285 1965 perversam.
1305 1921 1406 1951 Frons
1424 1926 1544 1952 autem
1562 1917 1718 1966 pudoris

1067 1970 1178 2005 sedes.
1191 1971 1259 2005 Hic
1271 1969 1393 2018 pudor
1405 1971 1495 2019 ipse.
1509 1970 1692 2018 Theognis
1706 1983 1714 2003 :

1066 2023 1177 2066 Αἰδὼς
1191 2026 1247 2071 μὲν
1264 2024 1325 2071 γὰρ
1338 2026 1452 2061 ὄλωλεν
1464 2050 1475 2069 ,
1489 2023 1638 2062 ἀνὶιδείη
1653 2022 1691 2060 δὲ
1705 2049 1716 2067 ,

1060 2079 1066 2083 ”
1172 2078 1227 2113 καὶ
1249 2077 1338 2124 ὗῧρις

1119 2132 1297 2168 Nomio-<zoa
1306 2128 1415 2174 δίκην,
1429 2135 1488 2177 γῆν
1499 2130 1589 2166 κατὰ
1601 2133 1713 2165 πᾶσαν

1172 2186 1251 2228 ἔχει.
1588 2210 1591 2211 ⁷

1064 2239 1170 2268 —De
1193 2238 1295 2268 rebus.
1310 2236 1415 2269 Valet
1433 2235 1494 2269 hic
1505 2260 1516 2277 ‚
1536 2247 1579 2269 ex
1595 2234 1714 2267 homi·-

1065 2301 1154 2322 num
1172 2288 1340 2322 societate
1358 2300 1398 2321 ac
1416 2287 1646 2321 commercio.
1668 2286 1711 2321 C.

1117 2344 1196 2380 104.
1227 2341 1298 2372 Tibi
1324 2349 1410 2372 recto
1434 2341 1545 2372 vivere
1572 2341 1638 2371 talo
1660 2352 1714 2372 ars

1065 2394 1200 2437 dedim]
1217 2391 1413 2438 Postquam
1432 2391 1573 2425 Persius
1587 2390 1715 2426 docuit

1065 2445 1165 2481 unde
1190 2445 1333 2479 libertas
1354 2458 1437 2479 vera
1469 2444 1619 2479 deberet
1647 2457 1713 2479 ne-

1067 2513 1139 2547 que
1162 2499 1358 2547 exspectari
1375 2511 1493 2546 neque
1512 2498 1608 2545 peti,
1630 2499 1714 2533 sub-

1061 2554 1141 2602 jicit
1165 2555 1241 2600 ejus
1268 2552 1433 2600 parandae
1456 2565 1577 2586 veram
1599 2553 1710 2586 ratio-

1063 2620 1166 2642 nem:
1179 2619 1217 2641 ea
1227 2615 1347 2641 autem
1356 2607 1445 2640 nihil
1457 2605 1555 2640 aliud
1567 2614 1630 2649 est,
1640 2606 1712 2639 nisi

1063 2660 1312 2708 philosophia,
1333 2672 1442 2707 quam
1466 2666 1570 2694 vocat
1595 2667 1710 2692 artem

1064 2721 1141 2750 κατ’
1161 2714 1272 2760 ἐξοχὴν
1288 2727 1296 2749 :
1315 2723 1367 2750 est
1384 2713 1482 2749 enim
1499 2714 1562 2749 illa
1578 2725 1632 2748 ars
1647 2723 1709 2747 su·
