1846 3184
378 321 458 363 126

725 292 780 362 A.
816 320 1059 362 PERsn
1100 319 1354 363 FLACCI

429 403 585 446 Nostra
603 402 670 444 vel
693 402 843 459 aequali
866 401 1089 460 suspendit
1112 413 1307 460 tempora
1330 401 1442 444 libra

431 479 563 521 Parca
585 490 711 520 tenax
729 478 843 531 veri,
862 493 937 520 seu
960 489 1059 520 nata
1080 478 1279 521 fidelibus
1299 479 1407 520 hora

430 554 597 597 Dividit
614 556 659 596 in
682 555 873 613 geminos
891 554 1118 596 concordia
1135 555 1219 596 fata
1237 555 1448 608 duorum,

433 633 754 688 Saturnumque
772 645 941 688 gravem
960 642 1106 673 nostro
1126 633 1227 674 Jove
1245 631 1478 690 frangimus
1498 632 1605 684 una;
1671 634 1715 671 50

376 780 390 794 ι
408 773 582 796 summam
592 785 602 801 ‚
616 759 737 805 inquit
750 758 897 792 Casaub.
909 758 1020 792 animi

378 833 392 846 ι
408 815 463 849 sui
483 812 775 859 conjunctionem
798 823 882 844 cum
901 811 1021 844 animo

379 886 392 898 ι
409 867 562 902 Cornuti
591 865 700 911 magis
727 865 925 910 exprimat,
946 864 1022 897 haec

378 941 394 954 α
409 922 497 956 dicit
509 920 669 954 Persius:
687 931 762 952 non
779 918 876 951 enim
891 919 969 965 πρὸς
985 918 1022 951 τὸ

377 976 521 1022 «ῥητὸν,
541 981 577 1007 et
602 972 813 1018 simpliciter
836 971 911 1004 haec
936 978 1022 1004 sunt

378 1044 392 1057 ι
407 1024 632 1073 accipienda,
651 1032 694 1058 ut
715 1023 904 1069 perinepte
927 1022 1021 1055 fece-

379 1098 393 1111 ι
409 1088 496 1114 runt
515 1077 675 1126 quidam.
697 1076 808 1122 Atqui
827 1088 900 1109 non
921 1075 1024 1109 aliter

379 1151 394 1165 ι
411 1134 489 1181 capi
504 1134 604 1167 locus
623 1130 729 1165 debet
740 1155 749 1170 ‚
764 1133 873 1176 quam
888 1127 1026 1162 sidicat

379 1205 393 1218 α
409 1187 551 1221 Persius
564 1198 572 1218 ε
590 1197 635 1218 ex
647 1183 814 1217 omnibus
827 1182 940 1216 causis
952 1193 1025 1214 ma-

381 1258 395 1272 «
409 1253 485 1288 gnae
499 1237 687 1287 cujusdam
706 1245 741 1270 et
756 1236 920 1282 per-fectae
938 1235 1026 1268 ami-

380 1314 395 1328 «
411 1295 520 1331 citiae,
537 1295 557 1330 ἡ
579 1292 737 1337 συναςρία
751 1297 918 1324 censetur
932 1301 1025 1335 quo-

379 1365 394 1379 «
410 1346 575 1382 rumdam
585 1343 723 1391 judicio
738 1342 908 1376 maxima:
926 1339 1023 1388 quod

381 1418 395 1432 «
411 1402 439 1435 si
458 1401 508 1434 ita
532 1407 607 1440 est,
629 1397 672 1431 ab
699 1396 836 1430 effectis
859 1395 1026 1440 colligere

381 1471 395 1484 α
411 1461 490 1487 tuto
509 1462 698 1498 possumus
710 1474 721 1491 ‚
740 1448 881 1482 occulta
899 1446 1026 1480 sideris

380 1525 395 1537 a
410 1506 560 1552 alicujus
569 1510 745 1551 potestate
755 1499 925 1534 coaluisse
933 1499 1026 1532 hanc

379 1577 395 1591 ‹-
410 1561 505 1594 inter
535 1569 601 1591 nos
635 1553 827 1589 amicitiam
860 1560 992 1585 tantam
1011 1576 1022 1593 ‚

382 1630 396 1643 c
411 1612 572 1658 adeoque
590 1609 744 1642 firmam.
757 1623 772 1636 u
797 1606 854 1640 Ita
871 1605 1022 1638 Casauh.

378 1665 544 1700 Persium
567 1665 711 1709 poetam
737 1672 844 1694 suum
868 1658 1026 1692 dilectis-

379 1720 511 1753 simum
525 1713 779 1762 superstitione
795 1720 831 1746 et
844 1713 934 1746 vana
946 1723 1025 1756 erga

380 1771 577 1816 astrologos
602 1765 813 1801 credulitate
839 1762 999 1798 vindicat
1016 1775 1024 1795 :

380 1824 499 1870 atqui,
511 1835 552 1856 ex
561 1821 617 1855 his
625 1845 635 1862 ,
651 1832 715 1852 non
728 1819 863 1856 dubites,
874 1816 1028 1857 Persius,

381 1877 445 1911 etsi
481 1874 714 1920 philosophus
749 1879 859 1916 atque
897 1870 1030 1903 stoicus

381 1928 549 1964 eumdem
560 1938 719 1963 errorem
730 1924 922 1970 suscepisse
933 1931 968 1956 et
980 1923 1030 1956 fo-

379 1983 469 2017 visse
491 1993 576 2015 cum
594 1979 702 2024 vulgo
723 1977 914 2011 hominum
931 1974 1030 2010 vide-

379 2044 459 2078 tui-3
479 2033 567 2069 etin
587 2033 657 2066 hoc
680 2031 838 2064 imitatus
861 2041 935 2063 esse
956 2029 1030 2062 Ho-

379 2089 512 2123 ratium
526 2087 645 2134 ipsum
659 2085 735 2132 qui,
749 2084 813 2117 lib.
829 2083 954 2124 II‚od.
975 2095 1030 2129 17,

381 2140 427 2175 de
440 2153 476 2175 se
490 2148 525 2175 et
538 2140 732 2173 Maecenate
746 2137 795 2170 sic
809 2136 939 2170 refert:

379 2213 441 2243 Seu
451 2211 549 2245 libra,
566 2219 618 2239 seu
631 2219 680 2239 me
693 2206 830 2247 scorpius
844 2205 954 2246 aspicit

381 2257 609 2288 Formidolosus
619 2278 628 2292 ,
644 2265 714 2295 pars
726 2253 890 2284 violentior

422 2305 542 2336 Natalis
557 2304 640 2333 1101·ae
649 2325 658 2338 ,
672 2312 725 2331 seu
739 2308 883 2340 tyrannus

463 2350 617 2391 Hesperiae
628 2347 831 2388 Capricornus
843 2346 931 2376 undae
941 2359 951 2382 ;

380 2402 554 2438 Utrumque
566 2403 704 2426 nostrum
715 2393 889 2425 incredibili
900 2393 994 2424 modo

381 2445 541 2478 Consentit
560 2450 674 2474 astrum
678 2462 945 2472 .........
969 2442 1006 2470 A.

383 2512 492 2543 -Ab
510 2521 573 2541 uno
596 2508 699 2540 sidere
721 2507 808 2538 duci.
832 2503 913 2538 scil.
930 2512 1029 2538 nata-

382 2563 463 2597 litio
483 2570 519 2597 et
535 2556 737 2605 horoscopo
753 2573 760 2591 :
783 2557 854 2592 sive
872 2555 965 2591 illud
983 2556 1029 2590 sit

382 2617 490 2650 Libra
502 2641 513 2657 ‚
528 2615 602 2650 sive
618 2612 776 2648 Gemini.

430 2678 489 2720 47.
522 2675 652 2706 Nostra.
666 2697 675 2705 .
688 2697 696 2705 .
709 2696 718 2704 .
746 2669 930 2716 tempora]
960 2668 1029 2702 Per

383 2737 546 2771 tempora,
567 2725 733 2772 intelligit
755 2724 958 2761 universam
978 2722 1028 2758 vi-

1072 768 1144 793 tam
1155 785 1164 800 ,
1179 760 1281 806 cujus
1298 759 1494 806 praecipuas
1507 767 1624 805 partes
1638 758 1715 792 alli-

1074 821 1157 859 gant
1186 812 1426 846 mathematici
1446 837 1456 854 ,
1487 812 1690 858 genituram
1706 837 1717 852 ‚

1076 874 1198 899 ortum
1213 891 1222 908 ,
1242 862 1451 913 conjugium
1466 892 1476 909 ‚
1494 867 1638 903 adversa
1657 875 1719 901 aut

1075 919 1153 952 laeta
1164 944 1174 960 ‚
1185 918 1341 966 denique
1354 930 1518 955 mortem.
1526 922 1724 964 —Aequali

1075 973 1168 1006 libra.
1192 973 1316 1007 Plures
1334 982 1418 1008 sunt
1436 974 1721 1008 constellationes

1077 1038 1157 1071 quae
1176 1026 1272 1059 inter
1293 1038 1329 1059 se
1353 1025 1516 1060 homines
1531 1028 1692 1073 jungunt
1708 1039 1719 1069 ;

1077 1078 1140 1112 sed
1159 1078 1239 1112 duae
1266 1079 1333 1112 illae
1355 1078 1546 1125 praecipuae
1565 1091 1720 1125 quarum

1077 1132 1138 1166 hic
1150 1131 1192 1166 fit
1209 1132 1346 1166 mentio
1359 1157 1370 1175 ‚
1387 1131 1464 1166 scil.
1479 1131 1587 1165 Libra
1600 1140 1636 1166 et
1649 1131 1719 1166 Ge-

1079 1186 1180 1219 mini.
1202 1186 1244 1220 C.

1126 1240 1184 1278 48.
1212 1243 1320 1272 Parca
1347 1248 1448 1271 tenax
1473 1240 1571 1281 νηὶ]
1596 1237 1722 1271 Fatum

1078 1291 1320 1333 ineluctabile,
1330 1290 1590 1325 indeclinabilis
1600 1302 1723 1323 rerum

1079 1345 1186 1379 series
1198 1370 1209 1387 ‚
1227 1353 1267 1378 ut
1286 1345 1333 1378 ait
1351 1343 1588 1391 Chrysippus.
1605 1343 1722 1376 Parcae

1071 1397 1198 1432 'autem
1217 1397 1291 1432 deae
1311 1398 1466 1431 fatorum
1481 1410 1500 1430 a
1520 1396 1637 1443 poetis
1654 1395 1724 1429 fin·

1078 1462 1225 1498 guntur.
1234 1452 1335 1498 Virg.
1351 1451 1459 1497 eclog.
1475 1451 1528 1484 IV
1541 1463 1550 1483 ε

1079 1513 1164 1542 Talia
1174 1514 1259 1543 saecla
1268 1513 1328 1543 suis
1342 1513 1502 1548 dixerunt,
1514 1511 1626 1542 currite
1634 1535 1642 1547 ‚
1650 1511 1724 1541 fusis

1077 1560 1250 1590 Concordes
1288 1559 1390 1590 stabili
1429 1558 1561 1589 fatorum
1600 1559 1725 1587 numine

1159 1608 1270 1637 Parcae.
1626 1606 1659 1634 Ρ.

1079 1664 1196 1693 —Sen
1220 1670 1300 1693 nata
1314 1662 1469 1708 fidelibus
1487 1662 1578 1693 hora.
1602 1660 1698 1694 Hora
1714 1686 1725 1702 ‚

1078 1715 1300 1761 horoscopus
1325 1713 1455 1749 dividit
1484 1714 1522 1748 in
1554 1714 1725 1748 Geminos

1081 1767 1244 1814 (signum
1267 1766 1427 1812 zodiaci)
1443 1768 1513 1801 sata
1535 1766 1727 1800 concordia

1081 1829 1201 1854 nostra
1212 1845 1221 1861 ‚
1237 1823 1454 1855 etc.-Hora
1472 1830 1552 1853 nata
1556 1821 1727 1866 fidelibus..
1740 1839 1752 1845 ›

1082 1874 1276 1921 Hypallage
1298 1900 1308 1916 ‚
1334 1886 1403 1920 pro
1432 1875 1502 1920 qua
1527 1871 1726 1907 nascuntur

1083 1927 1206 1962 fideles
1222 1928 1345 1970 amici,
1363 1940 1443 1974 quoe
1461 1939 1521 1961 eos
1539 1929 1624 1961 ποιεῖ
1641 1940 1726 1972 συμ-

1083 1982 1219 2020 παθείας
1245 1981 1425 2020 ἀπταίςους
1455 1979 1509 2014 καὶ
1534 1977 1726 2018 ἀδιαλὺτευς

1083 2034 1138 2069 καὶ
1171 2035 1435 2080 ἀνεπηρεάςους,
1458 2041 1501 2067 ut
1530 2032 1578 2066 ait
1605 2032 1725 2066 Prole-

1084 2098 1206 2120 maeus.
1227 2082 1280 2120 De
1299 2085 1461 2120 Geminis
1473 2109 1484 2126 ‚
1502 2084 1670 2118 Manilius
1683 2096 1693 2116 ε

1083 2152 1214 2192 Magnus
1223 2151 1279 2180 erit
1287 2150 1422 2182 Geminis
1431 2160 1518 2180 amor
1523 2155 1553 2179 et
1561 2148 1726 2179 concordia

1160 2198 1289 2238 duplex,

1079 2245 1209 2286 Magnus
1225 2252 1255 2274 et
1270 2245 1301 2274 in
1315 2245 1428 2274 multos
1449 2243 1550 2274 veniet
1571 2252 1726 2272 successus

1160 2291 1285 2321 amicos.
1626 2289 1663 2318 C.

1130 2349 1187 2383 5ο.
1216 2353 1455 2391 Saturnumque
1477 2346 1640 2392 gravem.]
1662 2346 1727 2381 Sa·-

1081 2403 1181 2437 turni
1201 2401 1298 2436 sidus
1320 2413 1425 2448 grave
1443 2408 1479 2434 et
1497 2399 1645 2433 noxium
1662 2399 1726 2433 ha-

1080 2452 1235 2490 bebatur
1252 2455 1299 2489 ob
1318 2453 1550 2501 frigiditatem
1563 2479 1574 2496 ‚
1590 2453 1727 2486 siccita-

1082 2518 1154 2544 tem
1167 2517 1202 2544 et
1217 2508 1425 2543 tarditatem.
1438 2506 1568 2552 Horat.
1583 2506 1646 2540 lib.
1663 2506 1702 2539 11
1713 2530 1725 2547 ‚

1082 2563 1140 2599 od.
1168 2576 1220 2610 ¹7·
1243 2563 1373 2598 Juven.
1402 2569 1453 2595 sat
1474 2560 1529 2594 VI
1546 2585 1556 2601 ,
1577 2572 1613 2595 v.
1643 2560 1724 2606 570.

1081 2618 1244 2665 Propert.
1259 2616 1319 2649 lib.
1333 2615 1402 2656 IV,
1417 2614 1503 2661 eleg.
1524 2625 1538 2647 1
1558 2626 1566 2646 :

1080 2680 1256 2731 Felicesque
1269 2680 1284 2708 J
1287 2678 1352 2710 ovis
1365 2677 1465 2709 stellas
1476 2700 1485 2716 ,
1499 2676 1669 2718 Martisque
1680 2684 1726 2706 ra·

1160 2736 1246 2767 pacis
1255 2747 1264 2764 7
