1846 3184
555 257 642 301 AD
678 255 1041 301 SULPICIAE
1074 257 1387 301 SATIRAM.
1563 274 1643 302 211

294 354 346 383 ac
374 341 667 395 disciplinarum
697 341 876 380 omnium
909 340 1093 379 universo
1126 340 1353 378 mortalium
1382 342 1515 395 generi
1543 342 1652 380 obli-

301 409 458 447 vionem
484 406 670 445 inducere
698 405 909 458 aliquando
925 434 937 452 ‚
962 405 1131 457 viteque
1156 405 1268 443 istius
1294 405 1466 443 melioris
1491 407 1649 457 praemia

301 472 554 524 cultumque;
570 472 728 517 Atticae,
747 471 932 522 inquam,
956 469 1215 522 philosophiae
1233 471 1421 520 bonoeque
1444 472 1580 508 mentis
1604 484 1650 509 ac

293 536 550 575 humanitatis
578 535 707 573 studia
721 563 733 581 ‚
758 534 944 572 divinitus
960 542 1073 572 antea
1095 535 1274 586 dilargita
1288 534 1426 580 nobis,
1447 535 1489 572 in
1512 548 1651 586 perpe-

301 610 416 640 tuum
439 613 558 653 porro
577 600 777 638 dediscere
796 599 956 648 jubere,
972 599 1022 637 ad
1047 600 1164 650 primi
1188 599 1295 637 illius
1312 612 1356 637 ac
1376 599 1486 637 rudis
1503 600 1574 637 aevi
1592 599 1654 637 in-

301 666 461 704 fantiam
475 673 515 703 et
528 665 619 718 plus
634 666 754 717 quam
765 664 921 702 brutam
937 664 1203 715 stupiditatem
1215 665 1438 702 revocatos?
1449 663 1650 711 videlicet,

302 738 350 768 nt
361 731 488 768 omnis
502 730 747 782 agriculturae
758 736 948 780 expertes,
959 729 1090 766 Cereri
1101 742 1146 766 ac
1156 729 1296 767 Libero
1308 729 1591 775 renunciantes,
1602 729 1653 767 ad

301 794 461 847 glandes
474 807 630 833 rursum
643 807 687 831 ac
699 793 886 831 Acheloia
897 793 1057 844 pocula,
1073 802 1161 844 post
1178 801 1236 831 tot
1251 793 1483 832 saeculorum
1498 794 1652 840 saecula,

303 860 436 898 nescio
462 873 543 911 quo
569 857 796 910 postliminii
821 857 911 906 jure
925 886 936 903 ,
964 858 1172 895 versoriam
1195 858 1327 896 denuo
1352 858 1580 909 mpiamus?
1603 871 1655 896 an

304 925 428 975 magis
451 924 718 961 necessitatem
745 922 858 959 istam
884 921 1040 966 fatalem
1070 922 1203 969 nobis,
1221 922 1297 960 hoc
1322 931 1400 969 est,
1418 923 1491 961 uni
1510 922 1655 961 Inlicae

303 988 409 1040 genti
440 988 609 1039 solisque
631 986 795 1024 Romuli
820 986 1030 1038 nepotibus
1056 987 1327 1025 interminatur
1352 988 1528 1039 Jupiter,
1553 1001 1656 1039 quos

306 1053 470 1090 summis
488 1053 631 1104 opibus
653 1060 771 1103 atque
794 1050 1015 1097 industriis,
1030 1050 1271 1103 reliquarum
1290 1052 1407 1090 etiam
1428 1053 1654 1100 nationum,

305 1118 429 1156 immo
456 1117 629 1155 hostium
656 1116 779 1154 salute
804 1115 998 1162 maxime,
1017 1116 1289 1154 exterminatos
1310 1116 1562 1168 perditosque
1589 1131 1658 1155 ex-

306 1182 405 1234 petit
416 1211 428 1227 ,
446 1181 640 1233 Capitolio
658 1181 781 1232 ipsius
802 1193 874 1218 suo
899 1180 1021 1218 iratus
1043 1181 1283 1232 infestusque
1296 1209 1308 1227 ‚
1327 1181 1468 1220 ultoris
1486 1181 1655 1228 scilicet,

303 1259 355 1284 ne
385 1246 512 1284 dicam
538 1245 763 1300 praedatoris
790 1244 1023 1297 cognomine
1053 1253 1254 1296 assumpto
1284 1245 1360 1283 sibi
1373 1275 1384 1292 ‚
1411 1245 1586 1284 custodis
1610 1259 1658 1284 ac

308 1311 589 1350 conservatoris
606 1310 807 1362 deposito:
827 1309 898 1347 ubi
917 1317 1047 1348 tamen
1065 1308 1277 1360 legendum
1296 1309 1397 1348 forte
1413 1324 1423 1347 ε

306 1420 350 1447 v.
381 1419 447 1461 19.
480 1434 696 1446 ........
723 1402 981 1459 Remulique
1001 1401 1200 1443 exturbat
1220 1402 1455 1460 alumnos]

357 1501 447 1536 Non
467 1498 527 1535 uti
543 1498 584 1535 in
603 1497 813 1549 exemplari
833 1505 966 1535 nostro
983 1496 1131 1535 viditur
1145 1499 1397 1547 Romulique,
1414 1507 1656 1549 repugnante

304 1576 561 1602 numerorum
581 1562 745 1600 ratione.
771 1561 988 1599 Romulum
1012 1561 1117 1599 enim
1143 1570 1182 1599 et
1203 1565 1373 1599 Remum
1399 1562 1615 1602 identidem
1633 1578 1658 1602 a

305 1628 432 1679 poe'tis
459 1626 649 1665 confundi
677 1625 856 1664 videmus
873 1653 884 1671 ‚
909 1625 1155 1676 alterumque
1185 1638 1257 1676 pro
1286 1625 1409 1664 altero
1435 1628 1658 1678 promiscue

306 1692 518 1730 nominari:
530 1690 730 1728 interdum
742 1698 931 1741 utrosque
943 1690 1087 1741 pariter
1098 1690 1283 1742 conjungi
1295 1690 1412 1728 simul
1421 1719 1433 1737 ‚
1442 1700 1490 1730 ut
1498 1705 1659 1744 aequum

305 1764 363 1794 est
374 1756 529 1801 fratres,
543 1763 584 1792 et
597 1754 759 1805 quidem
770 1766 974 1805 germanos
985 1754 1177 1805 geminos:
1193 1754 1307 1792 sicuti
1318 1751 1425 1806 apud
1436 1757 1655 1796 Catullum:

543 1827 590 1857 At
606 1824 703 1856 vobis
719 1825 803 1856 mala
821 1825 925 1855 multa
942 1825 998 1856 Dii
1014 1826 1159 1867 Deaeque

543 1880 635 1910 Dent
651 1878 831 1921 opprobria
849 1878 986 1909 Romuli
1003 1879 1164 1920 Remique
1178 1879 1187 1909 !

307 1947 532 1999 Propertius
546 1955 676 1984 autem
685 1975 696 1992 ‚
714 1941 832 1996 regma
845 1949 959 1984 Remi
965 1959 1038 1999 pro
1052 1947 1152 1985 urbe
1166 1948 1292 1986 Roma
1306 1950 1440 2000 posuit
1449 1979 1460 1996 ‚
1477 1953 1568 1989 cum
1584 1951 1654 1991 ait:

546 2020 701 2061 Regnave
716 2019 823 2061 prima
841 2019 936 2050 nemi
955 2026 1012 2050 aut
1029 2029 1144 2050 muros
1160 2019 1368 2063 Carthaginis
1384 2022 1467 2053 altae.

308 2083 438 2121 Habes
455 2095 536 2120 non
553 2082 669 2133 longe
687 2081 738 2119 ab
756 2081 831 2119 hoc
848 2081 938 2119 loco
953 2096 963 2118 z

305 2185 346 2212 v.
368 2185 438 2212 22.
460 2169 545 2212 Sed
561 2170 699 2211 virtus
721 2169 878 2227 agitata
900 2168 1044 2222 domi,
1067 2179 1110 2211 et
1128 2170 1360 2211 socialibus
1377 2170 1537 2228 armis]

359 2260 463 2296 Bene
489 2257 600 2295 addit
623 2258 850 2302 socialibus,
873 2256 923 2294 ad
953 2264 1201 2294 externorum
1231 2256 1427 2294 bellorum
1453 2266 1493 2295 et
1516 2259 1658 2298 Asiati·

306 2336 446 2361 corum
473 2322 704 2368 discrimen,
723 2335 813 2372 quae
838 2321 1000 2372 quidem
1024 2334 1105 2358 non
1131 2333 1204 2370 pro
1226 2333 1316 2357 vera
1341 2321 1465 2371 gloria
1490 2331 1558 2360 aut
1581 2326 1658 2362 rei-

308 2388 403 2438 pub.
419 2387 561 2433 salute,
575 2386 642 2423 sed
655 2399 727 2437 pro
741 2385 871 2436 praeda
886 2384 1156 2434 scelerumque
1170 2397 1215 2421 ac
1229 2383 1465 2435 flagitiorum
1480 2389 1658 2427 omnium

309 2451 539 2502 impunitate
563 2458 742 2500 suscepta
759 2449 883 2486 videri
900 2456 1080 2499 poterant
1091 2475 1102 2492 ‚
1118 2448 1199 2495 jam
1218 2447 1308 2484 inde
1325 2461 1348 2485 a
1366 2450 1536 2489 Sullanis
1558 2461 1662 2491 tem-

310 2515 473 2566 poribus
497 2515 687 2558 maxime,
714 2525 803 2563 quae
832 2512 1028 2549 teterrima
1058 2511 1223 2549 luxuriae
1253 2513 1382 2550 omnis
1406 2527 1451 2551 ac
1474 2519 1659 2568 nequitiae

314 2578 485 2616 fomenta
502 2578 715 2616 victoribus
745 2576 1098 2614 subministrarunt.
1127 2575 1246 2622 Quod
1268 2590 1360 2615 vero
1387 2577 1534 2618 ibidem
1561 2583 1658 2620 sub-

311 2641 441 2694 jungit
461 2650 668 2693 protenus,
695 2642 871 2679 virtutem
898 2652 986 2677 eam
996 2668 1010 2687 7
1034 2651 1102 2677 seu
1121 2639 1387 2679 fortitudinem
1414 2644 1555 2694 populi
1575 2648 1659 2685 Ro-

1359 2709 1423 2756 ¹4·
