1846 3184
279 271 366 340 2438
491 342 494 344 ,
549 298 595 338 c.
634 295 898 339 LUCILII
934 295 1366 340 FRAGMENTA·

851 382 890 418 X
902 382 934 417 L
948 382 967 417 Ι
981 382 1000 417 Ι
1013 383 1044 417 Ι.

334 445 585 496 Quapropter
603 444 728 483 deliro
743 472 754 492 ,
772 452 810 483 et
829 444 974 495 cupide
993 444 1170 482 officium
1187 444 1333 495 fungor
1351 443 1551 482 ruderum.

860 510 905 546 X
917 512 949 547 L
960 511 978 546 I
987 512 1036 547 V.

333 573 375 612 Si
393 573 504 625 quod
519 573 684 611 verbum
702 572 931 611 inusitatum
944 598 955 618 ‚
973 582 1042 611 aut
1061 575 1258 619 ζητημάτων
1279 573 1533 611 offenderam.

882 638 922 674 x
936 638 968 674 L
979 627 1029 674 v.
1462 625 1466 628 ’

334 704 460 740 Tuam
477 701 682 752 probatam
700 700 799 738 mihi
817 709 855 739 et
874 709 1084 751 spectatam
1102 702 1271 740 maxime
1288 701 1601 740 adolescentiam.

871 768 912 803 X
922 768 955 803 L
963 768 998 803 V
1008 767 1041 804 I.

335 832 436 868 Cum
457 829 587 868 studio
607 830 648 868 in
666 830 869 882 gymnasio
890 830 1042 880 duplici
1056 843 1201 881 corpus
1216 831 1418 872 siccassem
1435 830 1527 882 pila.

855 896 896 932 X
907 897 938 931 L
947 897 983 932 V
993 897 1011 932 Ι
1025 896 1057 931 Ι.

337 960 451 998 Malis
472 972 628 998 necesse
647 968 704 998 est
723 960 876 998 lautum
888 989 899 1007 ‚
917 973 938 998 e
959 972 1092 998 mensa
1113 972 1212 1010 pure
1228 959 1574 1011 capturuscibum.

842 1027 882 1062 X
895 1028 926 1063 L
935 1027 970 1062 V
982 1026 1000 1061 Ῑ
1014 1026 1032 1061 1
1045 1026 1076 1061 Ι.

337 1092 452 1129 Nunc
470 1090 693 1142 ignobilitas
713 1090 774 1128 his
794 1090 940 1127 mirum
959 1103 1003 1127 ac
1020 1088 1357 1136 -monstrificabile.

878 1156 1056 1192 XLIX.
1357 1144 1361 1152 “

341 1220 447 1267 Quid
469 1220 540 1258 tibi
558 1219 776 1259 cavendum
795 1232 931 1258 censes
944 1249 955 1266 ,
973 1219 1071 1271 quid
1087 1219 1292 1263 vitandum
1306 1218 1503 1256 maxime?
1544 1243 1546 1246 -

914 1319 916 1321 ,
941 1287 984 1322 L.

342 1353 456 1389 Hunc
478 1351 653 1389 laborem
672 1363 801 1389 sumas
815 1379 826 1398 ‚
845 1349 1005 1388 laudem
1020 1349 1090 1401 qui
1108 1349 1180 1387 tibi
1195 1361 1240 1387 ac
1255 1347 1555 1386 fructumvferat.

915 1418 947 1453 L
959 1417 990 1452 Ι.

341 1481 460 1529 Quod
478 1482 511 1518 is
528 1480 769 1531 intelligebat
781 1510 791 1527 ‚
812 1493 926 1530 posse
945 1478 1053 1516 haud
1074 1490 1221 1529 paucos
1238 1476 1386 1516 ret'tuli.

915 1546 947 1581 L
959 1545 978 1580 Ι
991 1545 1021 1580 Ι.

343 1609 473 1658 Quam
489 1610 734 1648 fastidiosum
752 1623 797 1648 ac
814 1622 975 1647 vescum
993 1621 1086 1645 cum
1106 1606 1260 1645 fastidio
1279 1605 1422 1650 edendi
1440 1605 1567 1643 vivere
1585 1606 1593 1640 !

896 1676 929 1711 L
941 1675 960 1710 Ι
971 1675 990 1710 Ι
1002 1674 1032 1709 Ι.

346 1740 444 1779 Mihi
463 1738 626 1792 quidem'
642 1753 724 1778 non
738 1738 1016 1790 persuadetur,
1032 1736 1192 1788 public'e
1207 1743 1254 1774 ut
1270 1744 1421 1775 mutem
1429 1747 1558 1773 meos.
1586 1764 1590 1768 .

910 1805 942 1840 L
955 1805 973 1839 Ι
983 1805 1031 1840 V.
1055 1815 1064 1826 '

346 1870 528 1921 Denique
542 1870 641 1907 adeo
657 1868 758 1908 male
771 1882 834 1907 me
849 1867 1047 1918 accipiunt
1057 1866 1224 1904 ›decimae
1239 1873 1279 1903 et
1291 1865 1527 1916 proveniunt
1538 1862 1652 1902 male.

930 1936 963 1970 L
972 1934 1020 1969 V.

345 1999 571 2050 Animoque
591 2006 751 2049 aegrotat
763 2025 774 2044 ‚
791 1997 962 2035 vidimus
982 2009 1147 2053 corpore
1165 1995 1272 2037 hunc
1291 1995 1446 2046 signum
1463 1993 1570 2032 dare.

346 2123 556 2162 43.Nonius:
571 2121 796 2158 Delirare5est
806 2120 846 2152 de
858 2128 948 2151 recto
1003 2121 1152 2152 Lucilius
1176 2129 1245 2151 esse
1268 2118 1456 2151 distantiam
1474 2117 1602 2157 voluit,
1622 2125 1656 2149 et

298 2179 468 2211 decedere.
479 2177 556 2209 Lim
569 2183 679 2208 autem
690 2182 738 2207 est
747 2175 833 2206 fossa
845 2181 929 2205 secta
939 2197 948 2212 ,
1002 2174 1079 2216 plus
1095 2185 1163 2205 esse
1176 2171 1300 2204 vitare.
1333 2187 1336 2191 -

297 2244 372 2276 quae
388 2238 504 2267 contra
520 2241 615 2273 agros
635 2229 776 2261 tuendos
791 2228 927 2259 ducitur
938 2249 950 2268 ,
1053 2228 1107 2258 50.
1124 2227 1277 2266 Nonius;
1301 2228 1453 2267 Sumere,
1475 2224 1653 2265 suscipere.

297 2294 330 2318 et
345 2288 382 2317 in
397 2296 499 2328 quam
514 2284 607 2327 uligo
624 2290 719 2326 terrae
732 2282 896 2314 decurrat.
1052 2280 1108 2311 51.
1135 2279 1267 2311 Nonius
1280 2290 1287 2310 ε
1307 2277 1437 2320 Referre
1448 2301 1460 2315 ,
1486 2276 1630 2319 perferre
1645 2298 1656 2314 ,

347 2346 403 2378 44.
419 2339 568 2372 Nonius:
584 2336 777 2380 Offindere,
788 2335 949 2367 invenire.
1003 2332 1163 2364 indicare.
1484 2368 1486 2371 .

347 2394 402 2430 45.
422 2392 571 2425 Nonius:
589 2390 764 2422 Probatum
782 2395 816 2420 et
831 2391 953 2431 spe'ota—
1053 2386 1110 2418 52.
1127 2384 1276 2417 Nonius:
1294 2379 1427 2414 Ves'cum
1437 2405 1449 2420 ,
1472 2381 1573 2413 nimis
1592 2381 1657 2413 ob-

300 2455 368 2478 tum
381 2446 432 2478 vis
444 2444 576 2487 majoris
590 2451 652 2484 est.
761 2465 766 2470 ·
1005 2449 1152 2479 courum.

347 2501 407 2538 46.
429 2500 577 2531 Nonius:
593 2498 731 2535 Siccam,
743 2496 935 2533 exercitum.
1054 2490 1403 2540 {SrNouiuszMutara
1413 2487 1654 2530 derelinquere.

349 2561 404 2594 47.
432 2553 566 2586 Nonius
587 2564 594 2583 ε
620 2554 761 2583 Lautum
774 2575 786 2589 ‚
808 2550 950 2582 nudum.
1048 2546 1111 2582 54.
1144 2544 1277 2577 Nonius
1298 2554 1305 2574 :
1336 2543 1525 2574 vaentum
1558 2542 1657 2572 etiam

300 2606 393 2637 Idem
408 2618 415 2637 z
439 2607 558 2648 Capere
567 2629 578 2644 ,
599 2605 762 2647 accipere.
1003 2600 1168 2644 ‘malarum
1200 2608 1312 2632 rerum
1340 2596 1408 2628 dici
1436 2601 1562 2627 veteres
1591 2605 1656 2626 vo-

351 2660 407 2696 48.
424 2660 574 2690 Nonius:
592 2657 868 2704 Monsmficabjile.
1004 2652 1151 2686 inerunt.

348 2718 404 2752 49.
420 2713 566 2746 Nonius:
580 2715 671 2745 Inter
684 2723 795 2745 cavere
803 2718 835 2744 et
844 2710 953 2743 vitare
1056 2708 1109 2740 55.
1124 2705 1275 2740 Nonius:
1294 2705 1402 2743 Dare,
1418 2700 1599 2736 ostendere.
