1846 3184
324 305 407 351 300
579 306 627 349 c.
659 306 929 353 LUCILII
966 304 1406 360 FRAGMENTA

953 397 992 432 X
1004 397 1037 433 Ι.

370 455 556 492 Praeterea
573 462 618 492 ut
635 456 778 494 nostris
797 458 947 497 animos
963 461 1161 500 attendere
1179 462 1292 501 dictis
1303 492 1314 510 ‚

373 520 501 570 Atque
520 519 704 558 adhibere
722 521 831 559 velis.
1066 546 1072 552 -

935 589 977 624 X
988 591 1007 626 1
1020 590 1050 625 1.

371 647 445 685 Hic
462 661 605 699 corpus
623 648 798 687 solidum
816 650 1010 698 invenies,
1031 651 1094 690 hic
1113 662 1211 693 stare
1229 655 1393 707 papillas

375 715 534 750 Pectore
557 726 790 751 marmoreo.

917 781 958 816 X
971 783 989 818 1
1002 783 1021 818 1
1034 784 1065 818 Ι.

372 841 435 879 Sic
446 869 457 887 ‚
474 840 635 892 inquam
647 869 657 887 ,
673 850 929 882 veteratorem
945 844 1060 882 illum
1070 874 1082 892 ‚
1101 846 1281 885 vetulum
1296 847 1439 901 lupum

371 904 608 943 Annibalem
627 915 847 957 acceptum.

929 986 968 1022 X
981 987 999 1022 1
1009 987 1057 1022 V.

371 1047 422 1083 At
435 1059 516 1084 non
532 1054 623 1084 sunt
638 1046 783 1085 similes
796 1075 807 1094 ‚
827 1061 956 1100 neque
972 1048 1066 1087 dant
1083 1064 1092 1087 ε
1113 1050 1211 1101 quid
1223 1079 1233 1096 ‚
1253 1051 1284 1088 si
1302 1050 1393 1090 dare
1407 1050 1574 1100 vellent;

372 1111 658 1162 Acciperesne?
678 1112 790 1150 doce.

945 1181 984 1216 X
996 1181 1044 1216 V.

372 1242 474 1278 Cum
491 1241 670 1287 manicis,
691 1242 822 1280 catulo
838 1271 849 1288 ‚
870 1242 1088 1294 collarique
1100 1272 1111 1291 ‚
1132 1251 1178 1281 ut
1194 1242 1406 1296 fugitivum

371 1306 599 1355 Deportem.

935 1374 973 1410 X
986 1374 1022 1410 V
1033 1374 1066 1409 Ι.

371 1434 513 1480 Quiete
528 1443 712 1485 poscente
730 1435 860 1473 minus
871 1464 882 1482 ,
901 1444 940 1474 et
957 1436 1137 1488 praebent
1149 1437 1293 1475 rectius
1312 1436 1439 1475 multo
1451 1466 1462 1485 ‚

369 1499 419 1536 Et
437 1499 519 1536 sine
538 1498 697 1550 flagitio.

524 1567 527 1569 ’
861 1602 866 1606 .
910 1567 1022 1603 XVI
1036 1567 1067 1605 Ι.

371 1628 412 1666 Si
425 1628 590 1666 retinere
605 1627 710 1666 hunc
723 1627 832 1667 voles
842 1657 854 1675 ,
871 1629 905 1666 si
920 1628 1076 1680 longius
1092 1637 1129 1667 te
1144 1629 1444 1680 producturum,
1458 1638 1497 1667 et
1509 1629 1671 1669 diutius.

898 1696 938 1731 X
946 1695 982 1731 V
991 1696 1010 1731 1
1022 1696 1042 1731 Ι
1054 1696 1086 1731 Ι.

370 1757 537 1796 Cohibet
556 1765 595 1796 et
615 1757 724 1795 domi
749 1766 912 1796 moestus
935 1771 976 1796 se
1002 1757 1191 1805 Albinus3
1213 1758 1425 1810 repudium
1447 1758 1558 1811 qubd
1577 1757 1667 1797 filiae

315 1822 475 1860 remisit.

925 1890 965 1925 X
976 1889 995 1925 I
1007 1888 1060 1925 X.

375 1977 996 1989 ........................
1016 1954 1204 1990 Ventrem
1224 1951 1398 1990 alienum

366 2017 554 2053 Moestum
574 2014 704 2052 fovere
723 2029 772 2053 ex
788 2016 927 2054 molito
946 2016 1116 2062 hordeo,
1134 2017 1194 2054 uti
1215 2015 1467 2068 cataplasmo.

945 2084 984 2119 X
996 2084 1049 2119 X.

370 2146 531 2197 Certum
549 2144 628 2182 scio
652 2156 734 2182 esse
755 2144 808 2182 ita
823 2172 834 2190 ‚
854 2153 899 2182 ut
917 2145 1014 2183 dicis
1031 2160 1040 2182 τ
1063 2159 1154 2184 nam
1179 2146 1276 2184 mihi
1306 2153 1414 2184 erant
1439 2145 1490 2183 de
1514 2144 1585 2184 illo
1605 2158 1672 2184 ex-

320 2209 471 2261 plorata
489 2209 635 2247 omnia.

368 2347 383 2367 1
393 2347 423 2366 1.
434 2333 575 2367 Nonius:
586 2332 777 2371 Amndere,
786 2332 969 2364 intendere.
1072 2343 1126 2372 17.
1150 2331 1282 2363 Nonius
1297 2343 1305 2363 τ
1323 2332 1505 2363 Producem
1513 2354 1526 2369 ‚
1546 2331 1670 2364 dicitur

375 2400 389 2420 1
398 2399 428 2419 2.
458 2388 592 2420 Nonius
606 2398 614 2418 :
637 2389 727 2419 Stare
736 2409 748 2424 ,
766 2386 847 2430 erigi
859 2410 876 2426 ‚x
888 2397 970 2429 pro-
1020 2385 1156 2428 longius
1170 2385 1305 2416 ducere.

319 2441 455 2473 minere.
599 2478 606 2482 ³
1073 2441 1127 2471 18.
1140 2439 1272 2471 Nonius
1284 2450 1292 2470 z
1306 2439 1452 2470 Moestum
1459 2461 1470 2476 ‚
1487 2438 1579 2469 triste
1588 2460 1597 2476 ‚
1607 2438 1673 2469 xni-

367 2496 419 2527 13.
438 2493 588 2527 Nonius:
608 2493 784 2536 Accipere,
805 2492 969 2534 decipere.
1022 2490 1516 2527 sernudum.1dem:Rcmissum,
1525 2490 1670 2521 missum.

366 2554 421 2585 14.
439 2548 589 2579 Nonius:
605 2549 728 2578 Docere
738 2570 749 2585 ,
765 2546 885 2578 dicere.
1072 2555 1124 2587 ¹9·
1146 2544 1279 2577 Nonius
1296 2555 1304 2575 ε
1326 2544 1473 2575 Moestum
1483 2567 1494 2580 ‚
1513 2550 1669 2575 enectum

368 2601 419 2631 15.
434 2600 596 2632 Nonius:
617 2600 763 2638 Collare,
780 2606 829 2631 est
843 2598 968 2631 vinculi
1020 2599 1115 2631 fame.
1144 2598 1237 2630 Idem
1251 2609 1260 2629 τ
1280 2599 1397 2630 Favere
1410 2620 1422 2635 ,
1441 2604 1489 2628 est
1504 2594 1670 2640 nutrire,

318 2663 440 2697 genus,
456 2665 525 2697 quo
543 2654 668 2686 collum
688 2654 894 2696 astringitur.
1018 2652 1213 2698 provehere.

369 2707 421 2738 16.
440 2708 529 2753 Non:
550 2708 742 2753 Flagitium,
761 2706 964 2753 periculum.
1064 2714 1119 2754 3⁰·
1133 2701 1282 2736 Nonius:
1297 2701 1476 2750 Eat-plorare
1483 2698 1658 2745 ,probare-
