1846 3184
273 325 334 370 5⁰⁴

627 311 681 352 A.
717 309 963 351 PERSII
1003 307 1256 349 FLACCI

330 392 578 452 Respondet
594 391 721 433 viridi
744 406 831 432 non
853 401 971 432 cocta
995 389 1136 431 fidelia
1158 389 1276 430 limo.

331 471 476 512 Udum
488 480 529 511 et
539 469 666 510 molle
675 469 814 510 lutum
824 482 880 509 es:
891 464 1020 519 nunc,
1029 481 1146 507 nunc
1155 462 1462 524 properandus,
1471 473 1514 505 et
1521 462 1610 505 acri

331 544 578 604 Fingendus
593 544 686 585 sine
704 542 790 584 fine
806 543 912 584 rota.
936 541 1016 584 Sed
1037 556 1138 583 rure
1156 551 1333 599 paterno

280 690 294 705 ι
309 675 449 718 maligne
479 673 647 716 respondet
667 670 807 717 fidelia)
827 694 838 711 ,
865 677 918 703 est

279 747 294 760 ι
310 728 524 772 ταυτολογία;
545 725 611 759 nisi
639 737 714 758 eam
733 735 917 757 commen-

279 796 294 809 «
309 778 409 812 daret
421 803 431 818 ‚
446 776 582 811 nedum
601 783 802 817 excusaret,
819 773 919 820 quod

280 848 294 861 ε
309 831 484 865 dicuntur
500 831 575 863 haec
599 829 642 862 ab
666 829 780 861 irato:
800 834 920 860 amant

280 902 296 914 ι
310 895 396 918 vero
409 883 489 916 irati
499 877 625 929 saepius
638 881 733 915 idem
746 887 924 925 repetere,

280 953 294 966 «x
313 939 586 983 βαττολογοῦντες
608 937 679 981 ἅμα
696 937 751 969 καὶ
773 937 925 968 ταυτολο-

283 1009 297 1022 «
311 994 452 1036 γοῦντες.
465 1002 478 1015 ¹·
490 990 648 1019 —Sonac
658 986 788 1017 vitium.
804 986 922 1031 Σαθρὸν

280 1044 483 1089 φθέγγεσθαι,
496 1038 692 1074 absurdum
702 1050 831 1072 sonum
845 1036 926 1071 ede-

280 1108 321 1130 re
333 1120 344 1137 ‚
362 1095 421 1129 cui
445 1092 667 1139 opponitur,
688 1091 774 1137 ὑγιὲς
797 1092 927 1136 φθέγγε-

283 1148 505 1185 0022,clarum
515 1156 703 1179 sonare.—
713 1145 852 1187 Maligne
863 1155 928 1175 res-

275 1203 409 1246 pondet.
418 1199 523 1232 Testa
536 1209 666 1231 sonum
679 1195 753 1230 edit
761 1207 928 1242 parvum,

283 1263 325 1288 ut
342 1262 392 1287 est
410 1264 519 1286 sonus
533 1250 654 1285 vitiosi
667 1249 766 1283 vasis.
781 1250 930 1295 Elegan-

284 1315 339 1341 ter
354 1306 490 1340 dicitur
507 1311 594 1337 testa
611 1314 778 1349 percussa
793 1303 932 1346 maligne

285 1361 488 1403 respondere.
511 1356 553 1390 C.

311 1448 317 1451 χ
335 1424 392 1445 22.
409 1411 515 1443 Viridi
525 1422 590 1441 non
603 1418 703 1441 cocta.
767 1409 866 1451 lima]
880 1408 932 1441 Ex

288 1464 403 1499 crudo
412 1489 423 1506 ‚
437 1475 510 1497 non
523 1462 602 1496 satis
616 1469 716 1495 cocto
727 1486 738 1503 ‚
750 1461 806 1495 vel
822 1473 840 1494 e
854 1472 934 1493 cru·

288 1517 337 1552 do
355 1525 390 1551 et
405 1515 513 1551 viridi
529 1515 616 1549 limo
632 1515 735 1548 facta.
746 1515 935 1546 -Fidelia.

290 1572 362 1606 Vas
375 1571 534 1605 Samium
545 1594 556 1611 ,
572 1567 615 1602 ad
634 1580 721 1602 usus
735 1566 911 1613 plurimos
923 1590 934 1607 ,

290 1634 334 1659 ut
350 1624 473 1658 scribit
491 1621 695 1657 Marcellus.
721 1621 763 1653 L.

341 1684 399 1718 23.
429 1684 531 1715 Udum
558 1690 591 1714 ee
617 1682 711 1714 molle
738 1682 840 1712 lutum
864 1677 930 1723 e5.]

293 1738 428 1772 Perstat
447 1744 482 1769 et
500 1735 538 1768 in
565 1733 688 1768 eadem
710 1732 875 1779 allegoria
891 1731 936 1764 ab

293 1800 369 1825 arte
381 1789 538 1836 figulina.
549 1791 665 1820 Lutum
679 1795 730 1820 est
742 1785 862 1831 argilla
874 1783 938 1817 fic-

294 1844 420 1879 tilibus
431 1850 534 1888 apta,
548 1839 610 1874 sed
623 1839 740 1873 adhuc
752 1837 866 1871 rudis.
879 1835 937 1870 Sic

296 1895 484 1941 allegorice
507 1893 699 1927 denotatur
721 1893 761 1925 ea
778 1902 867 1924 voce
884 1889 941 1923 in-

297 1949 397 1984 doles
414 1946 556 1994 juvenis
575 1944 732 1978 melioris
753 1943 871 1977 cultus
885 1955 942 1976 ca-

297 2014 397 2049 pax,
429 1998 491 2033 sed
523 1997 690 2031 nondum
724 1996 875 2030 exculta.
897 2015 943 2020 —

298 2058 417 2093 Nunc,
431 2065 516 2085 nunc
523 2051 758 2095 properandus
770 2051 862 2095 Apte
878 2048 945 2082 ite-

298 2116 400 2144 ratur
414 2118 487 2142 vox
498 2117 604 2143 nunc,
618 2102 656 2137 id
675 2111 748 2143 est,
762 2101 891 2142 modo,
909 2109 946 2135 et

301 2163 379 2195 sine
402 2170 523 2193 mora:
540 2169 623 2190 nam
647 2158 687 2189 ea
707 2167 743 2188 es
766 2162 867 2188 aetate
890 2165 946 2187 ca·

301 2211 444 2261 piendis
457 2208 653 2258 disciplinis
664 2207 849 2242 habiliore.
861 2206 950 2239 Gre-

304 2279 382 2314 gor.
403 2265 486 2298 Naz.
502 2262 548 2298 de
564 2260 776 2296 educatione
793 2271 854 2293 sua
867 2283 877 2301 ,
889 2271 951 2305 pa-

305 2326 451 2353 rentum
470 2317 576 2351 cura:

305 2386 378 2422 Τοῖς
392 2382 448 2429 μὲν
460 2381 538 2427 ἐγὼν
550 2379 676 2415 ἁπαλὴν
689 2376 833 2412 πλαίσθην
844 2376 954 2422 φρένα,

413 2447 467 2469 και
486 2445 663 2470 uzon-mero<

360 2482 424 2522 Οἷα
441 2487 532 2533 τυρὸς
546 2485 685 2530 ταλάρου
692 2479 859 2528 λοίμέανον
875 2476 957 2525 ἆιψα

415 2553 532 2573 τυπον.

311 2591 414 2626 Idem
426 2617 436 2633 ‚
449 2590 518 2624 alio
535 2588 690 2623 carmine
704 2600 714 2620 t

312 2645 430 2689 ὄσσοις
459 2650 539 2686 ἤθεα
568 2645 671 2683 κεδνὰ
696 2644 954 2682 διαπλέκουσιν

422 2702 546 2748 &pta-ct,

969 666 1016 715 ὸς
1034 676 1123 722 τυρὸν
1145 678 1326 710 πλεκτοῖσιν
1353 671 1531 720 ἐειδόμενοι*
1551 686 1613 708 τα·

1071 730 1208 773 λάροισι.
1468 727 1508 760 C.

1020 783 1076 820 24.
1103 781 1287 824 Fingendus
1312 781 1380 812 sine
1398 780 1471 825 fine
1498 777 1583 812 νοεᾶ.
1597 778 1612 824 ]

972 831 1143 866 Eamdem
1159 832 1359 878 allegoriam
1376 830 1560 878 producit.
1571 849 1617 856 -—

975 887 1131 929 Fingere,
1145 884 1237 918 sicut
1252 893 1287 918 et
1301 885 1436 919 Graecis
1445 885 1619 925 πλάττειν,

976 937 1021 971 de
1052 937 1280 972 institutione
1309 945 1519 984 usurpatur.
1552 935 1617 969 Sil.

976 990 1088 1025 Italic.
1102 990 1166 1023 lib.
1187 991 1255 1023 lv.

977 1053 1078 1092 Atque
1098 1052 1145 1080 his
1168 1049 1341 1091 praeformat
1365 1049 1454 1080 dictis
1474 1047 1624 1089 fingitque

1060 1098 1224 1128 monendo.
1531 1096 1567 1125 C.

979 1160 1078 1193 -Τὸ
1096 1159 1164 1190 sine
1179 1158 1272 1203 fine,
1294 1154 1391 1190 idem
1415 1161 1523 1200 atque
1545 1152 1625 1186 sine

981 1210 1258 1251 intermissione,
1271 1217 1305 1243 et
1317 1207 1490 1242 continua
1501 1206 1626 1252 operi.

986 1284 1000 1297 ι
1014 1264 1272 1305 Pulcherrima,
1287 1262 1410 1309 inquit
1420 1260 1574 1295 casaub.
1585 1259 1630 1293 εἰ·

987 1337 1001 1350 ι
1017 1319 1079 1352 aba}
1099 1312 1198 1361 (scil.
1216 1328 1320 1355 nunc,
1345 1326 1432 1347 nunc
1443 1323 1628 1357 properan-

988 1387 1002 1399 ι
1018 1372 1077 1402 dus
1088 1394 1100 1408 ,
1124 1378 1157 1402 et
1181 1370 1254 1401 acri
1267 1368 1447 1413 fingendus
1470 1367 1538 1398 sine
1554 1364 1630 1410 fine

989 1439 1002 1452 ιι
1018 1423 1110 1467 retii)
1122 1447 1132 1464 ‚
1148 1421 1247 1469 quod
1262 1422 1461 1461 fateantur,
1477 1417 1537 1452 vel
1549 1428 1632 1451 oso-

989 1493 1003 1506 ·
1019 1488 1074 1509 res
1096 1476 1204 1521 hujus
1220 1474 1289 1508 viri
1311 1472 1449 1514 divini3
1467 1470 1530 1505 sed
1550 1481 1632 1516 qun

989 1546 1004 1559 ι
1020 1541 1092 1562 non
1103 1541 1168 1574 per
1177 1527 1296 1561 omnia
1306 1523 1536 1571 respondeat:
1548 1534 1632 1556 nam

991 1580 1139 1626 argilla
1151 1592 1233 1613 cum
1248 1579 1379 1612 insecta
1392 1583 1524 1616 manet,
1538 1580 1636 1609 caret

991 1634 1152 1679 -;culpa
1169 1633 1280 1666 homo
1298 1642 1372 1664 non
1389 1629 1518 1676 plane,
1534 1627 1596 1674 qui
1614 1638 1635 1660 a

991 1694 1147 1719 «natura
1174 1682 1352 1731 igniculos
1379 1678 1544 1715 omnim'n
1561 1679 1635 1714 vir-

992 1757 1007 1770 «
1023 1747 1143 1773 tutum
1170 1736 1335 1782 accepit,
1363 1745 1455 1782 quos
1481 1732 1552 1767 nisi
1578 1743 1638 1766 ex-

991 1792 1108 1827 -citet
1118 1816 1129 1833 ,
1143 1799 1178 1825 et
1190 1790 1278 1823 illuc
1287 1796 1343 1822 eat
1353 1798 1428 1834 quo
1440 1785 1568 1820 melior
1576 1796 1640 1818 na-

995 1854 1108 1880 «tura
1130 1855 1213 1877 eum
1236 1841 1362 1881 ducit,
1377 1837 1644 1885 vituperatione

996 1916 1011 1929 ι
1026 1897 1252 1945 dignissimus
1262 1902 1324 1930 est.
1328 1909 1343 1923 ι
1352 1893 1471 1934 Errat,
1478 1893 1557 1925 mea
1565 1901 1643 1924 sen-

993 1948 1276 1991 tentia‚Casaub.
1285 1948 1368 1981 cn'un
1377 1944 1488 1979 dicit:
1501 1955 1643 1976 namar-

993 2007 1075 2050 gilla
1095 2007 1167 2036 ciam
1187 2002 1308 2046 infecta
1326 1996 1643 2037 manec,careceu1-

991 2058 1050 2102 Ρᾶ.
1072 2057 1148 2090 Hoc
1174 2056 1281 2095 loco,
1308 2053 1426 2100 agitur
1451 2050 1498 2084 de
1524 2048 1647 2095 argilla

995 2112 1068 2157 jam
1090 2116 1284 2155 praeparata
1301 2130 1313 2148 ,
1335 2113 1371 2139 et
1397 2105 1491 2150 aqua
1507 2101 1647 2141 diluta,

1000 2162 1071 2196 uda
1096 2170 1132 2195 et
1154 2160 1276 2200 molli,
1302 2167 1410 2203 atque
1433 2155 1541 2189 etiam
1562 2153 1646 2199 igne

1004 2217 1115 2253 cocta,
1121 2212 1165 2246 ad
1177 2225 1283 2259 quam
1294 2206 1547 2257 perficiendam
1556 2204 1649 2239 nihil

1004 2267 1102 2302 aliud
1113 2274 1220 2300 restat
1232 2290 1243 2305 ‚
1256 2264 1324 2298 nisi
1338 2271 1380 2296 ut
1392 2263 1472 2296 rota
1483 2260 1629 2294 limetur
1638 2283 1650 2301 ,

1006 2329 1041 2354 et
1057 2319 1101 2352 ad
1115 2330 1220 2351 usum
1233 2325 1313 2363 apta
1327 2313 1528 2354 efficiatum-3
1544 2323 1623 2358 quae
1636 2334 1648 2352 ,

1006 2373 1086 2408 siin
1100 2373 1169 2406 hoc
1182 2378 1273 2404 statu
1288 2368 1418 2402 infecta
1433 2371 1654 2404 remaneret,

1007 2426 1046 2460 id
1074 2433 1147 2466 est,
1171 2435 1245 2457 non
1270 2418 1438 2467 fingenda
1460 2426 1550 2452 esset
1574 2418 1655 2451 rota

1009 2478 1111 2525 figuli
1125 2501 1136 2519 ,
1151 2487 1266 2522 prope
1279 2472 1435 2512 inutilis,
1447 2470 1503 2505 vel
1519 2477 1656 2516 vegeta-

1010 2531 1100 2566 tioni
1113 2555 1124 2572 ‚
1139 2528 1276 2563 diutius
1291 2533 1397 2560 staret
1409 2537 1419 2557 :
1434 2534 1565 2570 porro,
1577 2533 1656 2556 om·

1009 2584 1117 2619 nibus
1135 2589 1262 2616 notum
1274 2605 1284 2620 ‚
1300 2588 1431 2613 terram
1451 2577 1544 2623 aqua
1560 2573 1658 2608 dilu-

1010 2646 1083 2672 tam
1102 2632 1239 2681 aliquid
1261 2631 1306 2666 de
1325 2643 1386 2665 sua
1401 2630 1539 2665 virtute
1555 2625 1660 2660 amit-

1010 2700 1098 2727 tere.
1116 2688 1212 2734 Ergo
1232 2683 1333 2733 quod
1349 2681 1477 2719 inutile
1498 2688 1574 2721 est,
1585 2689 1660 2714 non
