1846 3184
685 352 967 402 SATIRAJ
986 354 1040 398 V.

1471 354 1554 398 153

277 444 524 507 flammine,
541 457 597 484 an
613 441 733 483 hunc
743 437 963 498 sequeris?
979 436 1141 479 Suboes
1155 435 1346 477 alternus
1359 445 1527 493 oportet

275 520 468 579 Ancipiti
484 518 692 575 obsequio
709 516 909 558 dominos
919 546 931 568 ,
950 514 1139 556 alternus
1153 511 1340 554 oberres.
1402 517 1413 528 ⁸

1490 517 1555 550 156

274 597 365 639 Nec
386 607 458 648 tu,
478 597 578 636 cnm
597 592 813 635 obstiteris
831 590 985 642 semel,
1002 588 1267 645 instantique
1283 586 1453 645 negaris

275 673 429 715 Parere
444 669 626 728 imperio
637 700 650 722 ‚
667 668 767 726 rupi
782 669 871 725 jam
887 665 1059 708 vincula
1069 697 1082 718 ‚
1100 663 1234 706 dicas.

277 749 389 791 Nam
410 758 453 790 et
464 747 623 789 luctata
638 745 754 787 canis
769 742 935 785 nodum
950 742 1126 799 arripit:
1147 750 1334 782 attamen
1351 739 1438 792 illi,

276 825 386 867 cnm
402 823 535 883 fug-it,
553 838 578 864 a
595 822 705 864 eollo
724 820 909 862 trahitur
925 833 1021 877 pars
1037 818 1166 877 longa
1183 827 1355 859 mtenae.

1494 822 1560 854 160

277 900 418 952 Dave,
436 900 521 941 cito
535 931 547 951 ‚
569 899 654 940 hoc
676 895 823 938 credas
840 895 972 952 jubeo
984 927 996 948 ,
1017 893 1143 935 finire
1162 893 1330 936 dolores

221 1039 423 1063 sermonem
435 1026 576 1060 Persius
587 1024 719 1071 repetit
730 1050 741 1064 ,
754 1031 791 1058 et
803 1023 867 1057 ho·

221 1082 358 1115 minem
367 1079 510 1114 duobus
522 1077 736 1113 lihidinibus
749 1077 797 1110 ita
805 1076 868 1110 ob·

966 1035 982 1056 1
989 1022 1044 1057 58.
1053 1022 1211 1067 Bupijam
1219 1022 1345 1055 vincula
1354 1022 1466 1064 diona]
1478 1019 1561 1054 Non

918 1075 1050 1121 rupisti
1059 1074 1204 1108 vincula
1213 1099 1225 1115 ‚
1235 1073 1299 1108 sed
1310 1073 1464 1120 rejecisti
1478 1083 1564 1106 mox

221 1134 375 1168 noxium
398 1133 595 1178 interrogat
614 1144 624 1164 :
656 1132 740 1175 quid
765 1143 839 1176 ages
850 1135 868 1162 Ρ
877 1125 987 1160 Ὅτίδὶ
998 1138 1144 1159 rursum
1158 1123 1364 1172 injicienda.
1378 1122 1564 1164 Horatius,

223 1199 291 1230 quo
313 1196 345 1220 te
365 1183 746 1228 converte52—-Duplici
763 1185 868 1216 invdi-

223 1251 344 1274 versum
353 1264 365 1278 ‚
378 1247 438 1273 etc.
455 1237 571 1273 Varii
583 1235 740 1284 duplicis
759 1235 868 1271 servi-

224 1291 312 1326 tutis
337 1290 542 1325 necessitate
561 1301 751 1336 oppressus
769 1287 868 1336 quasi

225 1343 611 1379 discindens-Homo.
623 1343 733 1377 Recte
746 1344 869 1375 hamus.

224 1397 437 1445 Metaphora
457 1406 477 1430 a
500 1395 695 1442 pisatione
705 1420 715 1435 ‚
735 1394 773 1428 in
800 1406 871 1441 qua

225 1449 339 1498 pisces
354 1450 452 1482 hamo
461 1474 472 1488 ‚
489 1460 552 1482 seu
575 1450 652 1483 esca
673 1447 814 1483 diversa
835 1455 872 1482 et

224 1502 419 1550 multiplici
428 1494 646 1549 Quandoque
654 1501 870 1542 inesoentur,

227 1563 271 1591 ut
286 1555 476 1603 capiantur
493 1555 684 1589 alterutro.
707 1555 746 1588 P.

277 1608 362 1644 155.
390 1610 510 1642 subeas
537 1611 681 1642 alternus
707 1607 867 1653 τιμον-εει]

227 1661 370 1696 Nomen
382 1673 451 1708 pro
463 1660 649 1695 adverbio.
663 1660 708 1695 Id
724 1670 776 1695 est
788 1686 799 1701 ‚
814 1673 875 1695 ne-

227 1724 324 1749 cesse
335 1721 399 1758 est,
411 1722 452 1748 ut
464 1714 556 1748 hanc
569 1714 626 1748 vel
638 1714 735 1748 illam
747 1726 873 1760 sequa-

226 1767 294 1808 ris,
305 1775 342 1801 et
349 1792 360 1809 ,
370 1767 516 1801 alternis
525 1767 664 1802 vicibus
675 1793 685 1807 ,
695 1767 753 1802 vel
761 1767 874 1801 avari-

229 1819 304 1860 tia,
315 1820 374 1854 vel
390 1819 543 1853 luxuriae
556 1820 701 1853 servias.
725 1820 765 1852 A.

280 1871 361 1906 156.
372 1873 517 1914 Ancipiti
521 1873 683 1914 obsequio,
689 1870 760 1915 eta]
771 1870 876 1904 Binas

231 1923 485 1957 dominatrices
510 1923 668 1958 vicissim
700 1935 875 1970 sequens,

231 1975 368 2010 dubius
380 1976 527 2010 interim
535 2001 546 2019 ,
561 1976 636 2010 utri
647 1975 877 2023 potissimum

230 2036 269 2063 te
282 2027 442 2063 addicas.
457 2028 499 2064 P.

282 2082 362 2129 157.
371 2085 439 2116 Nec
447 2092 495 2123 ῃι,
507 2085 580 2116 ctam
588 2084 743 2116 obstiteris
752 2085 877 2127 semel]

231 2134 303 2178 Ne,
318 2135 352 2169 si
362 2147 455 2182 qnos
467 2135 560 2185 (orte
573 2134 619 2168 ad
629 2135 802 2170 virtutem
812 2135 879 2169 im-

231 2197 341 2236 petus
355 2188 547 2235 sumpseris
557 2213 569 2231 ‚
583 2189 702 2223 statim
719 2189 786 2223 tihi
799 2202 879 2236 per·

232 2240 380 2276 suadens
395 2240 613 2275 debellatum
628 2241 721 2276 illud
738 2254 812 2276 esse
824 2242 879 2277 vi-

234 2295 346 2337 tium,
361 2295 422 2328 cni
437 2295 540 2342 prius
555 2295 772 2330 inserviebas
787 2309 797 2329 ι
816 2297 879 2342 μία.

233 2346 295 2394 γὰρ
314 2345 452 2392 χελιδὼν
477 2349 535 2394 ἔαρ
562 2349 597 2382 οὐ
623 2351 708 2384 ποιεῖ
720 2374 732 2393 ,
751 2361 819 2383 nec
844 2357 880 2382 te

234 2398 391 2433 liberum
404 2398 571 2433 affirmes.
589 2398 630 2433 C,

920 1179 986 1213 lib.
1004 1180 1043 1213 Π
1056 1204 1068 1218 ,
1084 1187 1149 1213 sat.
1165 1190 1186 1224 7
1200 1189 1208 1210 :

922 1242 1005 1271 ....Ο
1017 1240 1107 1270 toties
1118 1239 1241 1270 servus!
1256 1251 1324 1280 qna
1335 1237 1438 1269 bellua
1448 1238 1564 1279 ruptis,

920 1288 998 1319 Ciun
1011 1288 1103 1318 semel
1115 1287 1239 1328 effugit,
1252 1287 1353 1318 reddit
1365 1297 1397 1317 se
1410 1297 1505 1327 prava
1515 1296 1566 1317 ea-

1002 1333 1091 1365 tenis.
1110 1336 1144 1365 P.

974 1383 1053 1434 1592
1078 1403 1156 1423 nam
1171 1399 1205 1423 ee
1219 1391 1342 1422 luctata
1362 1388 1472 1426 canis,
1490 1389 1571 1430 eta]

923 1442 1035 1486 Quod
1043 1442 1174 1490 probat
1183 1455 1202 1476 a
1214 1441 1334 1476 simili.
1345 1440 1436 1474 Nam
1447 1452 1570 1486 quam-

922 1497 976 1531 vis
985 1495 1081 1531 canis
1088 1495 1154 1530 diu
1162 1493 1337 1530 luctando
1345 1493 1515 1536 dentibus
1521 1492 1573 1526 lo-

922 1564 1006 1587 rum
1015 1549 1216 1585 dissolverit
1224 1576 1235 1592 ‚
1248 1549 1353 1597 longa
1362 1554 1480 1583 tamen
1490 1559 1572 1594 pars

924 1614 1058 1640 catena
1068 1630 1078 1646 ‚
1095 1606 1166 1651 qua
1179 1611 1253 1637 ent
1265 1603 1390 1649 ligata,
1402 1599 1539 1648 pendet
1552 1612 1573 1633 a

925 1657 1019 1692 collo
1037 1657 1153 1697 illius,
1173 1654 1320 1704 quando
1342 1654 1459 1700 fugit;
1474 1651 1574 1686 unde

925 1710 1065 1744 facilius
1087 1722 1107 1742 a
1127 1708 1363 1755 sequentibus
1375 1717 1500 1740 rursus
1515 1717 1574 1739 αι-

925 1763 1068 1809 piatum
1081 1762 1131 1796 sic
1142 1762 1254 1795 homo
1267 1786 1278 1802 ‚
1292 1762 1420 1795 natura
1431 1771 1575 1806 perver-

928 1828 990 1850 sus
1002 1841 1014 1856 ,
1030 1814 1076 1849 ad
1097 1815 1280 1849 damnatos
1301 1825 1417 1848 mores
1433 1825 1575 1859 semper

927 1869 1135 1904 revertitur.
1150 1869 1208 1903 Sic
1216 1894 1228 1910 ‚
1241 1866 1341 1915 apud
1354 1879 1420 1901 nos
1428 1891 1440 1909 ‚
1452 1865 1498 1900 de
1509 1866 1575 1899 ho-

928 1922 1027 1956 mine
1041 1921 1159 1956 adhuc
1173 1921 1210 1955 in
1226 1919 1410 1965 servitutis
1421 1919 1577 1954 vinculis

928 1975 1070 2010 irretito
1097 1974 1226 2009 dicunt
1247 1987 1256 2007 :
1281 1977 1308 2007 11
1332 1972 1438 2007 erasae
1462 1985 1577 2005 encore

926 2041 964 2062 sa
976 2027 1103 2061 thafne-
1120 2028 1165 2062 Δ.

978 2084 1056 2117 161.
1072 2085 1178 2121 Dave,
1193 2081 1281 2127 ciem]
1298 2081 1415 2123 Quam
1428 2078 1576 2113 difficile

929 2135 977 2170 sit
986 2135 1129 2169 homini
1139 2135 1271 2170 vitioso
1286 2133 1330 2167 ad
1340 2133 1514 2168 virtutem
1524 2143 1577 2165 re-

929 2189 1022 2224 verti
1053 2201 1150 2223 novo
1185 2187 1375 2222 confirmat
1410 2184 1576 2230 exemplo

930 2242 1053 2277 vitiosi
1066 2241 1273 2288 poenitentis
1283 2266 1294 2281 ,
1308 2238 1369 2273 sed
1390 2250 1466 2271 non
1483 2237 1578 2270 bona

930 2295 1004 2329 fide
1014 2320 1025 2338 ,
1050 2295 1207 2341 ideoque
1232 2291 1423 2327 relabentis
1452 2291 1490 2323 in
1512 2301 1579 2323 coe-

931 2361 1031 2382 num.
1045 2348 1114 2381 Hic
1129 2355 1251 2380 autem
1267 2345 1457 2390 insequens
1470 2341 1580 2376 dialo-

933 2412 999 2447 gus
1013 2398 1215 2434 festivitatis
1232 2396 1361 2443 plenus
1375 2407 1422 2429 ex
1434 2394 1582 2429 Menan-

281 2518 324 2547 Ὗ.
336 2528 350 2547 1
358 2517 411 2558 59.
420 2517 505 2549 Nam
516 2525 549 2548 et
557 2517 681 2548 luctata
691 2517 780 2548 canis
790 2517 909 2547 nodum
920 2515 1058 2557 arripe'c:
1073 2522 1215 2545 attamen
1230 2513 1287 2545 illi.
1299 2513 1403 2545 codd.
1418 2512 1570 2545 Fancliet.

237 2569 383 2601 colbert.
401 2572 455 2608 11,
471 2573 521 2602 111
531 2594 541 2610 ‚
555 2578 587 2601 et
604 2577 669 2601 tres
685 2570 742 2600 alii
758 2569 887 2610 abripit.
908 2568 1093 2607 Nonnulli,
1105 2574 1139 2598 et
1157 2575 1283 2605 tamen,
1299 2575 1351 2599 ast
1369 2575 1494 2606 tamen,
1513 2567 1576 2610 pto

239 2628 392 2653 attamen.
410 2622 525 2654 Codex
539 2629 651 2653 noster
661 2633 669 2652 ε

464 2685 544 2713 Nam
559 2684 674 2714 luctata
686 2683 740 2713 diu
749 2683 866 2713 nodum
880 2683 963 2713 mnis
976 2682 1084 2724 arripit
1097 2693 1105 2714 :
1122 2689 1169 2714 ast
1184 2688 1284 2714 tamen
1295 2681 1352 2713 1111.

243 2747 399 2781 mendose
408 2750 545 2782 omnino
552 2772 562 2788 ,
570 2750 637 2783 nisi
646 2750 810 2782 deleretur
819 2757 870 2781 ast
875 2756 991 2782 tamen.
