1846 3184
277 266 333 315 εὖ
610 271 660 314 Α.
698 260 951 315 PERsn
992 269 1252 315 FLACCI

335 354 391 396 Et
407 354 511 413 quid
530 369 637 413 opus
651 356 823 397 Cratero
838 370 1013 414 magnos
1029 356 1278 414 promittere
1297 351 1493 396 montes?
1567 357 1612 395 65

335 432 516 485 Discite,
533 433 560 474 ὂ
578 432 741 474 miseri!
759 443 800 474 et
817 448 962 475 causas
979 433 1218 491 cognoscite
1232 447 1399 474 rerum:

332 508 452 563 Quid
467 523 614 550 sumus
625 541 637 562 ,
654 520 696 551 et
712 507 920 566 quidnam
934 509 1091 551 victuri
1109 509 1353 568 gignimur3
1370 506 1479 550 ordo

277 627 375 660 enim
393 626 528 660 morbis
548 625 716 660 omnibus
740 625 804 672 qui
826 626 919 660 foras

277 679 441 726 produnt
453 705 463 722 ‚
481 688 522 714 ut
546 684 707 726 φλεγμονῇ
728 688 848 713 cutem
867 675 921 713 in·

277 731 427 766 tendant
439 744 478 766 ac
495 740 675 766 tumorem
695 733 859 765 excitent.
877 731 918 765 C.

327 786 386 818 65.
421 788 464 817 Ec
492 786 573 828 quid
598 798 675 827 opus
688 810 699 824 ‚
728 794 788 817 etc.
806 787 818 829 ]
849 785 918 818 Eos

278 838 396 872 obiter
407 836 513 878 ridet,
525 837 586 883 qui
601 836 689 871 dum
701 838 774 870 sani
788 845 919 878 essent,

276 891 437 936 neglecta
460 890 672 925 valetudinis
703 893 787 924 cura
803 916 814 932 ‚
838 891 921 937 aegri

277 953 402 990 postea
421 944 587 978 nihilnon
611 943 755 977 medicis
771 945 921 989 promit-

279 1003 377 1038 tunt;
386 1004 482 1043 puta,
492 997 569 1030 auri
580 1005 616 1030 et
626 996 762 1042 argenti
773 1004 923 1036 montes,

281 1050 383 1096 quasi
409 1058 498 1084 esset
524 1051 562 1083 in
593 1063 719 1084 eorum
749 1057 923 1095 potestate

279 1104 351 1137 fata
382 1111 541 1137 extrema
575 1103 719 1136 morari.
752 1102 924 1136 Similiter

280 1155 432 1201 Epictet.
441 1154 540 1202 apud
551 1155 689 1188 Arx-iau.
699 1155 759 1188 lib.
770 1155 924 1201 III,cap.

282 1209 342 1243 cui
358 1210 487 1243 titulus
502 1222 510 1242 τ
529 1214 606 1249 Πῶς
622 1208 674 1244 δεῖ
690 1211 788 1255 φέρειν
805 1209 863 1248 τὰς
877 1210 925 1242 νο’-

283 1275 356 1301 σους
367 1288 378 1304 ,
392 1262 440 1296 ait
453 1275 461 1295 :
477 1263 516 1296 Τί
535 1264 717 1302 κολακεύεις
732 1264 783 1296 τὸν
799 1262 925 1308 ἰατρόν;

283 1316 322 1349 Τί
339 1317 465 1362 λέγεις,
484 1314 538 1349 ἐὰν
555 1316 665 1359 θέλῃς,
684 1317 779 1361 Κύριε
795 1342 804 1357 ,
821 1319 925 1353 καλῶς

282 1368 361 1409 ἔξω;
379 1369 417 1402 Τί
434 1369 584 1413 παρέχεις
601 1369 689 1412 αὐτῷ
710 1368 851 1414 ἀφορμὴν
871 1371 926 1400 τοῦ

282 1420 401 1466 ἐπᾴραι
428 1422 518 1466 ὀφρῦν
530 1435 539 1462 ;
553 1441 598 1445 -
614 1422 757 1453 Cratero.
776 1419 924 1465 Augusti

281 1472 423 1506 medico
442 1473 593 1513 celebri,
616 1481 658 1507 ut
677 1473 853 1518 conjicere
871 1480 925 1505 est

284 1538 331 1560 ex
344 1525 467 1559 Horat.
484 1526 549 1559 lib.
565 1526 604 1559 ΙΙ
617 1551 628 1567 ,
647 1534 709 1559 sat.
727 1526 746 1558 3
764 1538 772 1558 ι

285 1604 293 1612 .
308 1602 315 1608 .
329 1601 336 1608 .
351 1601 358 1608 .
372 1579 530 1609 Craterum
545 1579 656 1608 dixisse
669 1585 785 1618 putato.
804 1580 838 1609 C.
850 1585 880 1608 et
889 1580 923 1607 P.

333 1633 392 1665 66.
419 1633 560 1670 Discite,
579 1633 599 1663 6
621 1633 753 1670 miseri,
779 1631 851 1676 etc.]
879 1632 922 1664 D.

282 1682 518 1728 Augustinus,
529 1681 574 1715 de
589 1681 692 1716 Civit.
707 1681 786 1722 Dei,
798 1681 859 1714 lib.
876 1682 927 1721 ΙΙ,

286 1739 361 1781 ca'p.
389 1737 410 1768 6
426 1760 438 1777 ‚
461 1735 559 1768 hunc
591 1734 711 1768 locum
745 1734 927 1780 integrum

283 1789 389 1823 affert
405 1814 416 1830 ‚
440 1789 503 1834 qui
531 1796 627 1821 certe
658 1788 803 1821 exhibet
828 1788 927 1823 velut

285 1840 509 1875 enchiridion
523 1840 758 1887 philosophiae
770 1841 926 1874 moralis.

286 1894 370 1928 Haec
383 1902 467 1928 sunt
477 1894 536 1927 illa
549 1907 686 1927 summa
699 1906 738 1927 ac
747 1894 928 1940 praecipua

286 1947 468 1993 sapientiae
481 1947 609 1993 capita,
619 1947 742 1993 paucis
752 1947 927 1988 versibus,

287 2000 465 2046 eleganter
478 2012 579 2046 aeque
599 2012 638 2032 ac
658 2000 802 2045 praecise
815 2012 833 2033 a
847 2012 930 2033 nos-

286 2060 343 2086 tro
366 2056 473 2099 poeta
496 2052 607 2086 stoico
634 2051 802 2085 indicata.
830 2051 930 2094 Quid

286 2106 333 2141 sit
350 2106 481 2148 homo;
499 2105 536 2138 in
559 2117 665 2151 quem
687 2104 795 2138 finem
815 2118 833 2139 a
853 2107 930 2139 Deo

266 2189 270 2194 .
287 2161 334 2194 sit
343 2167 480 2193 creatus
490 2172 501 2203 ;
515 2159 596 2205 quis
608 2170 729 2192 rerum
739 2158 854 2192 ordo?
864 2168 929 2207 etc.

288 2234 336 2239 —
351 2216 467 2247 Causas
492 2214 670 2257 cognoscite
697 2225 817 2246 rerum.
846 2212 929 2245 Haec

286 2266 411 2314 potius
438 2277 522 2299 cum
554 2265 703 2300 casaub.
735 2265 779 2299 ad
811 2277 929 2299 causas

287 2320 488 2367 peculiares
520 2331 646 2353 eorum
678 2332 755 2366 quae
790 2319 930 2353 homini

291 2374 424 2420 cuique
437 2373 622 2415 eveniunt,
634 2385 752 2407 causas
764 2378 827 2407 τῶν
839 2386 930 2419 φευκ-

288 2432 353 2461 τῶν
371 2427 425 2461 καὶ
445 2427 596 2472 αἱρετῶν,
615 2437 736 2459 rerum
757 2434 929 2472 expeten-

291 2476 419 2512 darum
437 2486 471 2511 et
489 2476 714 2512 vitandarum
727 2502 738 2519 ‚
754 2477 931 2524 respicere

971 634 1136 672 putarem
1149 649 1160 667 ‚
1177 629 1285 672 quam
1299 623 1344 659 ad
1358 636 1478 659 causas
1490 623 1617 672 physi-

973 691 1029 712 cas
1043 689 1077 713 et
1092 679 1269 713 naturales
1282 679 1319 712 in
1333 679 1554 712 universum.
1570 678 1614 712 A.

967 746 969 748 ’
1005 734 1060 778 67.
1069 740 1104 766 et
1116 733 1171 766 68.
1186 734 1273 775 Quid
1277 734 1405 776 sumus]
1413 731 1574 764 Primum
1581 738 1619 765 et

972 786 1195 832 praecipuum
1221 786 1344 820 ethicae
1369 793 1590 831 praeceptum
1608 811 1619 827 ‚

972 842 1111 874 ΓΝΩΘῙ
1119 839 1467 880 ΣΕΑΥΤΟΝ,.Ῐιινευ.
1477 846 1541 872 sat.
1551 838 1618 876 XL

975 904 1010 925 v.
1037 903 1091 936 ²7·
1113 891 1166 924 Ex
1192 892 1258 925 hac
1286 892 1383 925 enim
1410 890 1618 937 cognitione

974 943 1109 990 pendet
1133 945 1249 977 omnis
1276 944 1456 990 sapientiae
1479 943 1618 990 princi-

974 998 1076 1043 pium
1086 1005 1120 1030 et
1127 996 1618 1043 consummatio-Simplicius:

976 1053 1019 1085 Τὸ
1045 1054 1207 1085 ΓΝΩΘΙ
1236 1053 1437 1084 ΣΑΥΤΟΝ
1459 1054 1514 1084 τοῦ
1535 1053 1618 1086 Θεοῦ

975 1103 1190 1150 παράγῖε).μα
1207 1103 1262 1137 καὶ
1281 1104 1364 1148 ἀρχὴ
1383 1102 1438 1137 καὶ
1451 1104 1542 1142 τέλος
1554 1103 1621 1136 ποί-

977 1170 1034 1196 σης
1046 1156 1093 1195 ἐςὶ
1106 1157 1286 1201 φιλοσοφίας
1299 1156 1354 1190 καὶ
1363 1155 1508 1195 εὐζωΐας.
1519 1153 1621 1196 Quid

978 1221 1061 1255 ergo
1070 1209 1180 1242 homo
1187 1208 1400 1243 estPPlatoni
1411 1207 1448 1240 in
1458 1206 1621 1246 Phaedro,

979 1264 1072 1307 φυτὸν
1103 1270 1155 1296 est
1179 1264 1317 1308 οὐράνιον
1342 1263 1398 1295 οὐκ
1425 1260 1560 1307 ἔγΓειον·
1586 1261 1618 1294 ἓν

979 1321 1041 1349 τῶν
1053 1316 1230 1352 κτημάτων
1243 1319 1299 1349 τοῦ
1309 1317 1404 1350 Θεοῦ.
1414 1313 1620 1348 Stoicorum

980 1376 1031 1402 est
1061 1367 1152 1401 illud
1183 1369 1312 1402 scitum
1333 1380 1342 1400 ι
1371 1367 1424 1402 τὸν
1438 1366 1619 1412 ’ἄνθρωπον

979 1423 1149 1455 οὐσιῶσθαι
1173 1420 1261 1454 κατὰ
1287 1421 1344 1457 τὴν
1366 1419 1494 1466 λογικὴν
1514 1419 1594 1458 ζωὴν
1607 1441 1620 1460 ,

977 1474 1108 1515 σώματι
1144 1471 1183 1507 δὲ
1226 1476 1361 1519 χρῆσθαι
1401 1474 1442 1511 ὡς
1483 1471 1621 1516 ὀργάνῳ.

977 1525 1195 1571 Summaque
1208 1525 1352 1558 illorum
1363 1523 1535 1558 doctrinae
1544 1522 1621 1556 haec

978 1587 1048 1620 est,
1060 1591 1121 1610 esse
1130 1579 1264 1610 hominis
1272 1602 1280 1617 ‚
1293 1576 1402 1623 idque
1411 1574 1500 1609 adeo
1511 1585 1619 1608 omne

977 1645 1044 1678 per
1075 1631 1174 1678 quod
1205 1631 1314 1664 homo
1339 1637 1523 1664 censeatur
1538 1652 1549 1669 ‚
1578 1627 1619 1661 in

978 1685 1096 1718 animo
1110 1693 1145 1718 et
1158 1685 1255 1718 recta
1268 1682 1405 1717 ratione
1416 1682 1526 1715 situm
1535 1691 1621 1714 esse.

979 1739 1079 1772 Hanc
1099 1750 1174 1772 esse
1194 1738 1290 1771 illius
1311 1739 1348 1771 τὸ
1368 1738 1434 1770 πᾶν
1454 1748 1464 1768 ι
1489 1745 1621 1780 corpus

979 1803 1066 1825 vero
1079 1798 1114 1823 et
1125 1798 1250 1824 caetera
1262 1788 1398 1828 omnia,
1409 1799 1477 1833 pro
1489 1786 1623 1819 instru-

981 1844 1111 1877 mentis
1128 1843 1211 1877 vitae
1233 1842 1334 1876 istius
1352 1837 1528 1875 habenda.
1551 1835 1623 1871 Sed

980 1908 1103 1930 rursus
1121 1921 1131 1937 ,
1157 1897 1240 1939 quid
1267 1904 1315 1927 est
1342 1895 1466 1926 homo?
1494 1890 1622 1924 Senec-

982 1949 1126 1983 Consol.
1145 1948 1189 1982 ad
1210 1947 1404 1982 Marciam:
1423 1946 1624 1978 Imbecillum

982 2016 1096 2046 corpus
1108 2012 1140 2035 et
1141 2003 1282 2047 fragile,
1295 2002 1430 2039 nudum,
1441 1998 1553 2042 sudpte
1565 2009 1624 2029 na-
1650 2003 1659 2009 “

982 2056 1056 2088 τιινᾶ
1073 2058 1213 2094 inerme,
1231 2056 1348 2087 alienae
1371 2054 1439 2096 opis
1457 2052 1625 2095 indigens,

981 2112 1030 2142 ad
1037 2122 1161 2142 omnem
1161 2110 1310 2152 fhrtunoe
1321 2107 1626 2147 contumeliampro-

974 2164 1110 2207 jectum.
1127 2162 1270 2207 Spectat
1292 2160 1420 2195 eodem
1439 2155 1627 2204 sapientis-

981 2215 1111 2248 simum
1132 2214 1225 2248 illud
1249 2215 1297 2248 M.
1316 2210 1490 2246 Antonini
1510 2207 1628 2242 mo‘ni-

982 2276 1082 2302 tum:
1099 2272 1162 2302 Τοῦ
1177 2269 1247 2302 ὅλου
1267 2264 1467 2306 αἰῶνος,,καὶ
1480 2265 1537 2302 τῆς
1553 2262 1626 2301 ὅλης

983 2321 1092 2360 οὐσίας
1118 2326 1256 2365 συνεχῶς
1283 2318 1467 2367 φαντασία,
1490 2314 1551 2350 ’καὶ
1577 2316 1627 2349 ὅτι

982 2374 1095 2407 πάντα
1116 2373 1161 2421 r&
1187 2373 1275 2408 κατὰ
1303 2374 1396 2420 μέρος
1424 2367 1479 2416 (ἐν
1505 2366 1549 2410 οἷς
1572 2371 1628 2406 καὶ

984 2427 1147 2472 ἄνθρωπός
1167 2421 1259 2470 iet),
1278 2428 1320 2466 ὼς
1340 2427 1399 2473 μὲν
1415 2429 1493 2474 πρὸς
1516 2426 1627 2461 οὐσίαν

983 2480 1177 2526 κεγχραμίς·
1196 2482 1237 2519 ὡς
1263 2476 1304 2513 δὲ
1327 2482 1407 2527 πρὸς
1428 2481 1536 2527 χρόνον
1556 2494 1630 2527 ‘rpu-
1686 2487 1689 2489 ’

336 2585 377 2614 V.
394 2585 449 2615 66.
462 2583 580 2615 Discite
588 2608 599 2621 ,
613 2583 634 2615 ὅ
645 2584 757 2615 miseri.
768 2585 854 2616 Male
866 2586 887 2616 J
888 2585 1047 2616 nvencins
1056 2609 1067 2623 ‚
1077 2586 1186 2617 discite
1195 2609 1207 2624 ‚
1222 2596 1285 2617 vos
1296 2584 1492 2617 miser1‘.--0
1501 2584 1628 2617 miseri:

289 2635 310 2668 ὂ
319 2636 455 2678 longum
469 2644 500 2668 et
512 2637 688 2679 aspiratum
699 2649 708 2677 ;
722 2638 864 2680 ideoque
873 2639 993 2670 vocalis
1004 2639 1198 2671 antecedens
1210 2650 1295 2682 saepe
1306 2651 1379 2671 non
1390 2639 1534 2671 eliditur.
1543 2641 1577 2670 F.
1585 2640 1627 2670 D.

328 2692 370 2722 V.
393 2692 448 2731 67.
467 2692 516 2723 Et.
533 2692 617 2724 Cod.
639 2699 770 2732 noster,
789 2700 857 2725 aut.
881 2695 930 2726 Ita
949 2700 981 2725 et
995 2704 1028 2725 v.
1047 2693 1097 2725 ed.
1117 2693 1196 2725 Brit.
1208 2701 1242 2726 et
1255 2693 1334 2726 edit.
1351 2694 1493 2733 Aldina,
1510 2693 1608 2725 1535.
