1898 3216
380 314 974 378 TESTIMONIA
1023 315 1498 395 VETERUM,

537 481 617 518 DE
641 481 805 519 AULo
834 480 1058 519 PERSIO
1091 480 1337 519 FLACCO.

270 627 366 695 Μ.
396 656 577 693 Γιιιυς
605 656 1010 701 Qum-runicus,
1036 655 1100 690 lib.
1130 656 1197 700 X,
1228 666 1318 704 cap.
1355 669 1372 692 1
1396 683 1413 703 ,
1446 658 1612 695 [mmm.

274 721 424 758 Omtor.
441 719 562 758 Satira
578 717 739 770 quidem
757 725 839 755 tota
854 726 987 756 nostra
1003 726 1084 764 ωε,
1100 718 1142 755 iu
1159 731 1238 769 qua
1255 719 1407 770 primus
1424 720 1615 772 insignem

268 783 428 823 laudem
442 783 619 837 ,adeptus
644 791 704 821 ωε
733 781 909 820 Lucilius
923 810 935 829 ,
959 782 1029 834 qui
1058 782 1250 834 quosdam
1277 784 1331 821 ita
1357 783 1512 822 deditos
1541 786 1615 823 sibi

268 848 399 887 adhuc
420 848 562 895 habet,
583 856 630 885 ut
653 861 745 893 eum
768 860 849 885 nou
872 846 1048 896 ejusdem
1073 847 1194 885 modo
1219 849 1348 899 operis
1368 849 1614 895 auctoribus,

269 913 339 951 sed
362 912 546 952 omnibus
570 912 695 964 poe'tis
717 911 897 963 praeserre
919 924 1002 950 nou
1028 911 1222 950 dubitent.
1247 918 1329 964 Ego
1355 922 1547 966 quantum
1567 915 1617 952 ab

268 977 373 1023 illis,
394 985 545 1015 tautum
570 976 618 1014 ab
639 976 800 1013 Horatio
818 975 1030 1021 dissentio,
1049 976 1120 1027 qui
1146 976 1340 1015 Lucilium
1363 977 1483 1015 fluere
1506 978 1618 1015 lutu-

270 1039 421 1079 lentum
435 1069 447 1086 ‚
466 1048 507 1078 et
529 1032 785 1090 esse'aliquid
801 1067 813 1084 ,
836 1038 946 1089 quod
971 1038 1108 1076 tollere
1134 1040 1281 1090 possis,
1303 1049 1427 1092 putat.
1451 1044 1551 1079 Nam
1578 1050 1618 1079 et

272 1105 440 1142 eruditio
456 1105 496 1142 in
512 1118 559 1141 eo
577 1105 692 1149 mira,
709 1111 749 1140 et
764 1103 943 1148 libertas,
956 1111 1075 1154 atque
1093 1104 1185 1142 iude
1202 1105 1389 1143 acerbitas
1406 1114 1445 1144 et
1459 1106 1617 1144 abunde

272 1169 373 1207 salis.
393 1169 522 1207 Multo
548 1176 606 1206 est
631 1167 788 1212 tersior,
813 1180 859 1204 ac
884 1179 1008 1218 purus
1033 1168 1155 1219 magis
1175 1169 1383 1217 Horatius,
1407 1178 1447 1208 et
1472 1171 1523 1208 ad
1546 1184 1622 1208 no·

273 1234 411 1272 tandos
433 1233 638 1271 homiuum
665 1244 793 1270 mores
820 1231 1054 1282 praedpuus.
1076 1232 1251 1271 Multum
1275 1242 1315 1272 et
1336 1248 1436 1273 verae
1459 1235 1592 1287 gloriae
1605 1265 1618 1282 ,

272 1299 449 1351 quamvis
471 1311 553 1336 uno
578 1297 706 1341 libro,
730 1295 883 1333 Persius
908 1296 1063 1334 meruit.
1093 1298 1193 1334 Sunt
1220 1297 1314 1336 clari
1341 1299 1561 1351 hodieque,
1579 1309 1620 1338 et

272 1364 344 1416 qui
363 1363 460 1402 olim
476 1361 794 1400 nominabuntur.

323 1477 571 1513 DLVAtxn.
587 1474 884 1517 ΜΑιτιΑιιε,
905 1471 967 1508 hb.
987 1473 1031 1517 I,
1054 1473 1154 1521 epcg.
1179 1486 1276 1522 109,
1295 1487 1365 1511 seu
1382 1476 1446 1512 113.
1459 1478 1536 1522 IV,
1553 1490 1615 1527 29.

409 1584 568 1628 Obstat,
586 1581 700 1620 chare
718 1580 876 1618 Pudens
887 1609 898 1626 ‚
914 1582 1056 1619 nostris
1075 1595 1143 1619 sua
1161 1583 1276 1620 turba
1293 1583 1436 1624 libellis
1451 1601 1463 1622 :

464 1651 743 1697 Lectoremque
763 1645 944 1696 frequens
961 1645 1077 1683 lassat
1093 1654 1133 1684 et
1149 1647 1287 1698 implet
1302 1663 1416 1701 opus.

410 1715 512 1751 Rara
526 1711 664 1760 juvant
675 1725 686 1747 :
704 1710 841 1761 primis
859 1710 915 1748 sic
931 1710 1057 1759 major
1073 1712 1194 1762 gratia
1210 1714 1338 1763 pomis
1351 1728 1363 1751 :

463 1776 657 1827 Hyberuae
674 1775 845 1826 pretium
863 1775 917 1812 sic
935 1788 1111 1812 meruere
1130 1788 1241 1813 rosae.

403 1841 467 1880 Sic
485 1839 746 1891 spoliatricem
764 1838 1011 1876 commendat
1030 1838 1151 1876 fastus
1168 1840 1350 1887 amicam,

464 1907 587 1942 Janua
601 1916 677 1941 nec
691 1903 876 1951 juvenem
894 1915 1048 1952 semper
1062 1911 1195 1953 aperta
1214 1912 1331 1942 tenet.

403 1969 552 2020 Saepius
571 1968 613 2005 iu
632 1967 735 2004 libro
754 1974 992 2004 memoratur
1007 1967 1159 2004 Persius
1175 1980 1256 2005 uuo
1270 1996 1282 2013 ,

466 2035 594 2080 Quam
611 2030 709 2069 levis
724 2030 767 2068 iu
786 2037 867 2067 tota
883 2032 1035 2067 Marsus
1052 2031 1304 2069 Amazonide.

411 2098 474 2133 Tu
493 2108 654 2147 quoque
671 2094 722 2132 de
737 2094 879 2132 nostris
896 2093 1043 2144 releges
1061 2107 1352 2147 quemcumque
1370 2095 1514 2135 libellis
1525 2127 1537 2143 ,

465 2162 558 2198 Esse
575 2167 671 2210 puta
691 2158 820 2196 solum
837 2172 847 2194 ε
868 2157 923 2194 sic
942 2157 1014 2194 tibi
1033 2157 1158 2209 pluris
1174 2159 1259 2196 erit.

323 2287 658 2328 Hunoiwnus,
685 2284 726 2318 in
754 2281 893 2319 Chmn.
920 2283 1038 2318 Anno
1063 2280 1217 2331 imperii
1245 2281 1390 2319 Tiberii
1420 2283 1616 2334 nigesimo

271 2348 467 2394 secundo,
485 2345 707 2398 olympiade
733 2345 997 2382 ducentesima
1010 2373 1021 2390 ‚
1038 2345 1190 2382 Persius
1217 2345 1375 2382 Flaccus
1399 2351 1514 2396 poeta
1530 2351 1616 2387 Vo-

270 2413 419 2452 latex-ris
439 2411 635 2456 nascitur,
653 2418 693 2448 et
716 2409 938 2460 olympiade
963 2408 1229 2446 ducentesima
1249 2409 1400 2454 decima
1423 2412 1589 2451 moritur
1604 2430 1615 2451 :

270 2479 384 2530 cujus
417 2483 632 2528 praeceptor
674 2476 871 2512 Cornutus
909 2472 1167 2524 philosophus
1202 2480 1337 2522 posta
1374 2473 1418 2511 in
1452 2476 1615 2517 exilium

271 2543 410 2594 pulsus
434 2549 506 2580 est.
971 2544 975 2547 '

325 2654 689 2695 CAss1onouus,
719 2651 760 2686 in
780 2649 920 2685 Fastis.
946 2645 1061 2683 Gallo
1090 2653 1131 2683 et
1162 2646 1341 2687 Noniano
1359 2652 1610 2703 consulibus,

276 2715 427 2754 Persius
441 2715 601 2755 Flaccus
614 2742 626 2760 ,
644 2713 819 2755 satiricus
838 2715 951 2762 poeta
963 2737 974 2757 ,
990 2709 1201 2750 Volatenis
1217 2713 1400 2752 nascitur.

1155 2786 1166 2792 '
1329 2778 1369 2821 b.
