1846 3184
890 117 907 135 0

449 268 539 319 Ex
581 266 790 321 nuno
818 265 996 311 ‘xxvl
1033 265 1186 322 SATJ
1197 267 1252 306 R.
1449 265 1532 320 285

766 349 805 386 X
815 349 857 386 X
868 349 909 385 X
921 349 953 384 1.
1397 388 1406 397 „
1511 377 1518 379 ,

240 415 387 464 Quidni
402 423 443 454 et
460 422 506 453 tu
519 413 626 452 idem
642 412 896 451 illitteratum
905 424 969 450 me
987 419 1107 462 atque
1123 410 1287 449 idiotam
1300 410 1477 450 diceres?

754 479 795 516 Χ
805 479 846 515 Χ
856 479 896 515 Χ
907 479 926 514 Ι
937 479 969 514 Ι.

242 531 376 584 Rauco
394 544 624 583 concionem
643 543 798 589 sonitu,
813 550 853 580 et
871 541 1001 580 curvis
1017 548 1159 593 cogant
1173 539 1374 579 cornibus.

729 609 769 645 Χ
782 608 823 644 Χ
832 608 873 644 Χ
884 609 903 644 Ι
915 608 935 644 1
945 609 977 643 Ι.

240 673 530 726 Depugnabunt
546 685 618 724 pro
635 680 673 710 te
687 672 781 722 ipsi,
793 679 832 709 et
847 671 1084 716 morientur,
1098 683 1143 708 ac
1159 683 1200 708 se
1212 669 1318 708 ultro
1332 669 1507 708 efferent.

746 737 785 774 X
797 737 836 774 Χ
848 737 888 774 Χ
898 737 917 772 Ι
929 737 977 773 V.

238 804 322 855 Ego
338 803 423 841 ubi
428 816 549 854 quem
568 815 615 840 ex
634 800 858 852 praecordiis
871 813 984 838 versu
1000 800 1135 838 effero.

760 867 801 904 X
811 867 851 902 X
862 867 957 903 XV.

238 934 328 971 Non
347 931 493 969 idcirco
509 929 735 976 extollitur,
755 929 849 967 vel
837 942 927 976 irae,
946 929 1008 967 vel
1027 929 1160 981 gaudii
1175 928 1301 967 dator.

746 996 786 1032 X
797 996 837 1032 X
848 996 889 1032 X
896 998 931 1033 V
940 997 971 1032 Ι.

240 1062 297 1099 Ita
308 1068 354 1098 ut
365 1061 532 1111 quisque
544 1060 723 1098 nostrum
732 1073 757 1097 e
772 1059 892 1110 balga
905 1067 962 1097 est
975 1060 1108 1098 matris
1118 1060 1160 1097 in
1171 1059 1303 1098 lucem
1315 1058 1457 1098 editus.

734 1126 773 1161 X
785 1125 824 1165 X
836 1125 876 1161 X
886 1127 921 1162 V
930 1125 950 1161 1
965 1126 996 1160 Ι.

239 1191 302 1228 Tu
318 1189 352 1226 si
369 1189 477 1227 voles
493 1201 565 1239 per
583 1188 711 1226 aureis
731 1195 869 1239 pectus
886 1188 1091 1239 irrigarier.

703 1255 742 1290 X
754 1254 793 1290 X
804 1254 844 1290 X
852 1254 887 1290 V
897 1255 916 1290 I
930 1255 950 1298 Ι
962 1254 994 1290 1.

243 1318 323 1365 Qui
340 1330 407 1356 sex
424 1329 575 1355 menses
590 1317 708 1354 vitam
722 1316 896 1363 ducunt,
912 1318 1016 1356 Orco
1032 1315 1227 1367 spondent
1243 1316 1468 1367 septimum.

742 1383 783 1419 X
795 1383 835 1419 X
845 1380 887 1419 X
897 1383 916 1419 Ι
927 1383 979 1419 Χ.

242 1447 369 1485 Facile
387 1446 614 1485 deridemur
625 1475 637 1493 ,
654 1446 800 1484 scimus
816 1445 960 1496 capital
976 1458 1059 1484 esse
1078 1445 1245 1484 irascier.

821 1511 862 1548 X
872 1512 917 1548 L.

245 1578 336 1615 Pars
354 1575 532 1614 difflatur
546 1583 690 1622 vento,
709 1587 799 1626 pars
815 1583 949 1612 autem
967 1575 1177 1625 obrigescit
1195 1575 1351 1626 frigore.

796 1641 836 1676 X
848 1641 880 1676 L
893 1625 929 1676 Ι.

242 1709 463 1745 Paucorum
476 1712 594 1758 atque
611 1704 687 1743 hoc
707 1711 821 1755 pacto
839 1703 872 1740 si
892 1702 992 1740 nihil
1009 1711 1139 1754 gustat
1155 1704 1258 1742 inter
1273 1702 1508 1742 nundinum.

778 1769 819 1804 X
828 1769 861 1804 L
874 1769 894 1804 Ι
906 1769 939 1804 Ι.

244 1834 442 1873 Praeterito
459 1832 594 1884 tepido
611 1832 825 1884 glutimtor
840 1823 1007 1883 gluiino.

243 1972 300 2002 3¹.
327 1969 488 2001 Nonius:
512 1967 662 2005 laium,
684 1977 703 1998 a
727 1968 845 1999 (ἔτεα)

193 2030 336 2056 tractum
343 2019 478 2060 ἰδιώτης
488 2047 497 2062 ,
509 2021 646 2052 inutiles
653 2043 663 2058 ‚
674 2022 771 2063 quasi
780 2021 846 2052 sihi

193 2083 325 2108 tantum
335 2097 347 2114 ‚
364 2084 437 2105 nou
453 2073 606 2116 plurimis
618 2073 741 2110 utiles.-

244 2130 300 2160 32.
329 2125 482 2159 Nonius:
506 2127 650 2169 cogere,
676 2126 713 2157 in
738 2122 845 2157 unum

195 2182 363 2224 colligere.
369 2198 417 2205 —
424 2180 556 2223 Lipsius
567 2178 668 2222 *putat
680 2180 850 2211 Lucilium*

194 2233 424 2278 rapexiue'ad
431 2235 559 2274 morem
566 2234 768 2278 Romanum,
775 2243 845 2275 quo

196 2288 367 2319 classicum
378 2287 417 2318 in
426 2285 648 2318 celeberrimis
660 2285 754 2326 urbis
763 2286 846 2317 locis

197 2341 351 2380 emebat,
364 2340 443 2382 cum
461 2341 525 2378 civi
542 2340 591 2372 rei
609 2340 759 2383 capitalis
777 2340 846 2371 dies

199 2393 287 2426 dim
298 2401 405 2433 esset..

247 2447 305 2479 33.
322 2449 470 2480 Nouius:
485 2447 632 2490 Effirm,
652 2446 804 2477 subdere.

248 2499 307 2536 34·
336 2501 496 2533 Neuius:
527 2499 654 2543 Essem
683 2498 849 2541 significat

201 2551 361 2597 proferre.

251 2602 307 2632 35.
322 2602 468 2636 Nonius:
482 2604 628 2648 Effim,
642 2603 848 2647 edere‚pro-

203 2654 334 2687 vehere.

946 1962 1003 1998 361
1019 1967 1173 1999 Nonius:
1189 1968 1298 2009 Bulga
1314 1974 1365 1999 est
1376 1968 1548 2000 folliculus

897 2020 1023 2057 omnis,
1040 2026 1193 2061 quamet
1212 2028 1402 2052 crumenam
1423 2029 1547 2053 veteres

895 2073 1124 2116 appella-unu
1140 2081 1174 2104 et
1188 2081 1236 2104 ost
1252 2075 1404 2105 sacculus
1418 2075 1460 2106 ad
1472 2076 1548 2106 bra-

896 2127 1018 2161 chium,
1028 2127 1189 2169 pendens.

946 2181 1003 2224 37.
1021 2181 1111 2211 Non.
1129 2180 1349 2211 Accusativus
1362 2191 1426 2221 pro
1445 2180 1546 2212 ablat.

923 2262 926 2266 ,
947 2235 1002 2265 38.
1028 2234 1181 2271 Nonius,
1197 2234 1238 2264 de
1260 2233 1447 2264 differentia
1464 2241 1549 2265 tem·—

897 2287 991 2330 poris
1004 2297 1064 2327 per
1075 2286 1301 2316 accusativum
1321 2292 1355 2316 et
1366 2285 1550 2328 ublativum

902 2339 1059 2380 expressi.

952 2393 1007 2431 39.
1030 2391 1161 2422 Nouius
1178 2402 1186 2421 z
1213 2391 1343 2433 Capita!
1356 2391 1486 2423 dictum
1505 2401 1553 2424 est

900 2443 1016 2485 capitis
1028 2443 1229 2484 periculum.

949 2501 1005 2532 40.
1033 2496 1194 2536 Nonius,
1214 2495 1375 2541 Dffim³
1394 2505 1447 2530 est
1468 2498 1550 2531 flatu

905 2543 1103 2581 disturbare.

950 2609 1007 2640 [ιι.
1023 2603 1112 2634 Non.
1124 2603 1316 2642 madiam,
1330 2604 1462 2652 nucu}
1474 2610 1548 2648 gen.

951 2661 1007 2692 ια.
1021 2657 1166 2690 Nonius:
1180 2657 1549 2706 Glutc'nprglutine.
