<?xml version="1.0" encoding="UTF-8"?>
<!DOCTYPE html PUBLIC "-//W3C//DTD XHTML 1.0 Transitional//EN"
    "http://www.w3.org/TR/xhtml1/DTD/xhtml1-transitional.dtd">
<html xmlns="http://www.w3.org/1999/xhtml" xml:lang="en" lang="en">
 <head>
  <title>
</title>
<meta http-equiv="Content-Type" content="text/html;charset=utf-8" />
  <meta name='ocr-system' content='tesseract 3.04.00' />
  <meta name='ocr-capabilities' content='ocr_page ocr_carea ocr_par ocr_line ocrx_word'/>
</head>
<body>
  <div class='ocr_page' id='page_1' title='image "./satiraeadcodice00persuoft_0129.png"; bbox 0 0 1846 3184; ppageno 0'>
   <div class='ocr_carea' id='block_1_1' title="bbox 257 276 1312 426">
    <p class='ocr_par' dir='ltr' id='par_1_1' title="bbox 257 276 1312 426">
     <span class='ocr_line' id='line_1_1' title="bbox 649 276 1056 325; baseline -0.02 0"><span class='ocrx_word' id='word_1_1' title='bbox 649 280 772 325; x_wconf 79' lang='lat' dir='ltr'><strong>SAT</strong></span> <span class='ocrx_word' id='word_1_2' title='bbox 783 281 805 322; x_wconf 93' lang='lat'><em>1</em></span> <span class='ocrx_word' id='word_1_3' title='bbox 817 279 906 320; x_wconf 82' lang='lat' dir='ltr'><strong>RA</strong></span> <span class='ocrx_word' id='word_1_4' title='bbox 950 278 972 320; x_wconf 93' lang='lat'>1</span> <span class='ocrx_word' id='word_1_5' title='bbox 986 277 1007 318; x_wconf 92' lang='lat'>1</span> <span class='ocrx_word' id='word_1_6' title='bbox 1021 276 1056 318; x_wconf 88' lang='lat'><strong>1.</strong></span> 
     </span>
     <span class='ocr_line' id='line_1_2' title="bbox 257 348 1312 426; baseline -0.015 -15"><span class='ocrx_word' id='word_1_7' title='bbox 257 365 477 426; x_wconf 82' lang='lat' dir='ltr'>Quidquid</span> <span class='ocrx_word' id='word_1_8' title='bbox 493 363 539 406; x_wconf 91' lang='lat' dir='ltr'><strong>id</strong></span> <span class='ocrx_word' id='word_1_9' title='bbox 556 372 641 416; x_wconf 88' lang='lat' dir='ltr'><strong>est;</strong></span> <span class='ocrx_word' id='word_1_10' title='bbox 656 361 791 420; x_wconf 86' lang='lat' dir='ltr'>surgit</span> <span class='ocrx_word' id='word_1_11' title='bbox 807 359 934 401; x_wconf 84' lang='lat' dir='ltr'><strong>tacite</strong></span> <span class='ocrx_word' id='word_1_12' title='bbox 949 357 1032 399; x_wconf 90' lang='lat' dir='ltr'><strong>tibi</strong></span> <span class='ocrx_word' id='word_1_13' title='bbox 1046 348 1162 397; x_wconf 71' lang='lat' dir='ltr'><strong>lut&#39;ea</strong></span> <span class='ocrx_word' id='word_1_14' title='bbox 1174 354 1312 413; x_wconf 81' lang='lat' dir='ltr'><strong>pellis.</strong></span> 
     </span>
    </p>
   </div>
   <div class='ocr_carea' id='block_1_2' title="bbox 1463 271 1522 403">
    <p class='ocr_par' dir='ltr' id='par_1_2' title="bbox 1463 271 1522 403">
     <span class='ocr_line' id='line_1_3' title="bbox 1463 271 1519 329; baseline 0 0"><span class='ocrx_word' id='word_1_15' title='bbox 1463 271 1519 329; x_wconf 86' lang='lat'><strong>89</strong></span> 
     </span>
     <span class='ocr_line' id='line_1_4' title="bbox 1477 357 1522 403; baseline 0 -11"><span class='ocrx_word' id='word_1_16' title='bbox 1477 357 1522 403; x_wconf 79' lang='lat'><strong>9⁵</strong></span> 
     </span>
    </p>
   </div>
   <div class='ocr_carea' id='block_1_3' title="bbox 256 431 1531 794">
    <p class='ocr_par' dir='ltr' id='par_1_3' title="bbox 256 431 1159 496">
     <span class='ocr_line' id='line_1_5' title="bbox 256 431 1159 496; baseline -0.017 -10"><span class='ocrx_word' id='word_1_17' title='bbox 256 445 314 486; x_wconf 84' lang='lat' dir='ltr'><strong>At</strong></span> <span class='ocrx_word' id='word_1_18' title='bbox 326 453 375 485; x_wconf 89' lang='lat' dir='ltr'><strong>tu</strong></span> <span class='ocrx_word' id='word_1_19' title='bbox 388 439 571 484; x_wconf 74' lang='lat' dir='ltr'><strong>deterius</strong></span> <span class='ocrx_word' id='word_1_20' title='bbox 584 437 713 496; x_wconf 81' lang='lat' dir='ltr'><strong>palles</strong></span> <span class='ocrx_word' id='word_1_21' title='bbox 728 451 738 478; x_wconf 90' lang='lat'>:</span> <span class='ocrx_word' id='word_1_22' title='bbox 755 450 811 477; x_wconf 91' lang='lat' dir='ltr'><strong>ne</strong></span> <span class='ocrx_word' id='word_1_23' title='bbox 825 435 880 476; x_wconf 88' lang='lat' dir='ltr'><strong>sis</strong></span> <span class='ocrx_word' id='word_1_24' title='bbox 895 431 1003 474; x_wconf 84' lang='lat' dir='ltr'><strong>mihi</strong></span> <span class='ocrx_word' id='word_1_25' title='bbox 1018 441 1159 473; x_wconf 87' lang='lat' dir='ltr'><strong>tutor:</strong></span> 
     </span>
    </p>

    <p class='ocr_par' dir='ltr' id='par_1_4' title="bbox 257 502 1418 719">
     <span class='ocr_line' id='line_1_6' title="bbox 257 502 1418 574; baseline -0.013 -15"><span class='ocrx_word' id='word_1_26' title='bbox 257 514 517 574; x_wconf 75' lang='lat' dir='ltr'><strong>Iampridem</strong></span> <span class='ocrx_word' id='word_1_27' title='bbox 531 513 648 554; x_wconf 88' lang='lat' dir='ltr'><strong>hunc</strong></span> <span class='ocrx_word' id='word_1_28' title='bbox 668 510 823 568; x_wconf 89' lang='lat' dir='ltr'><strong>sepeli:</strong></span> <span class='ocrx_word' id='word_1_29' title='bbox 846 519 895 550; x_wconf 89' lang='lat' dir='ltr'><strong>tu</strong></span> <span class='ocrx_word' id='word_1_30' title='bbox 913 517 1055 550; x_wconf 84' lang='lat' dir='ltr'><strong>restas.</strong></span> <span class='ocrx_word' id='word_1_31' title='bbox 1072 506 1228 562; x_wconf 85' lang='lat' dir='ltr'>Perge,</span> <span class='ocrx_word' id='word_1_32' title='bbox 1244 502 1418 545; x_wconf 84' lang='lat' dir='ltr'><strong>tacebo:</strong></span> 
     </span>
     <span class='ocr_line' id='line_1_7' title="bbox 258 579 1360 648; baseline -0.014 -15"><span class='ocrx_word' id='word_1_33' title='bbox 258 589 473 648; x_wconf 86' lang='lat' dir='ltr'><strong>Turgidus</strong></span> <span class='ocrx_word' id='word_1_34' title='bbox 490 588 564 629; x_wconf 85' lang='lat' dir='ltr'><strong>hic</strong></span> <span class='ocrx_word' id='word_1_35' title='bbox 586 586 719 645; x_wconf 90' lang='lat' dir='ltr'><strong>epulis</strong></span> <span class='ocrx_word' id='word_1_36' title='bbox 729 618 742 638; x_wconf 93' lang='lat'><strong>,</strong></span> <span class='ocrx_word' id='word_1_37' title='bbox 759 595 885 641; x_wconf 88' lang='lat' dir='ltr'><strong>atque</strong></span> <span class='ocrx_word' id='word_1_38' title='bbox 901 582 999 624; x_wconf 87' lang='lat' dir='ltr'><strong>albo</strong></span> <span class='ocrx_word' id='word_1_39' title='bbox 1013 590 1160 622; x_wconf 85' lang='lat' dir='ltr'><strong>ventre</strong></span> <span class='ocrx_word' id='word_1_40' title='bbox 1175 579 1360 630; x_wconf 84' lang='lat' dir='ltr'><strong>lavatur,</strong></span> 
     </span>
     <span class='ocr_line' id='line_1_8' title="bbox 257 645 1331 719; baseline -0.013 -12"><span class='ocrx_word' id='word_1_41' title='bbox 257 665 441 708; x_wconf 83' lang='lat' dir='ltr'><strong>Gutture</strong></span> <span class='ocrx_word' id='word_1_42' title='bbox 462 662 712 719; x_wconf 81' lang='lat' dir='ltr'><strong>sulphureas</strong></span> <span class='ocrx_word' id='word_1_43' title='bbox 734 660 848 702; x_wconf 91' lang='lat' dir='ltr'><strong>lente</strong></span> <span class='ocrx_word' id='word_1_44' title='bbox 869 657 1091 699; x_wconf 77' lang='lat' dir='ltr'><strong>exhalante</strong></span> <span class='ocrx_word' id='word_1_45' title='bbox 1110 645 1331 712; x_wconf 78' lang='lat' dir='ltr'><strong>mephites,</strong></span> 
     </span>
    </p>

    <p class='ocr_par' dir='ltr' id='par_1_5' title="bbox 258 727 1531 794">
     <span class='ocr_line' id='line_1_9' title="bbox 258 727 1531 794; baseline -0.014 -12"><span class='ocrx_word' id='word_1_46' title='bbox 258 738 345 782; x_wconf 87' lang='lat' dir='ltr'><strong>Sed</strong></span> <span class='ocrx_word' id='word_1_47' title='bbox 358 748 517 780; x_wconf 86' lang='lat' dir='ltr'><strong>tremor</strong></span> <span class='ocrx_word' id='word_1_48' title='bbox 530 737 642 778; x_wconf 88' lang='lat' dir='ltr'><strong>inter</strong></span> <span class='ocrx_word' id='word_1_49' title='bbox 657 735 755 777; x_wconf 86' lang='lat' dir='ltr'><strong>vina</strong></span> <span class='ocrx_word' id='word_1_50' title='bbox 771 733 908 786; x_wconf 83' lang='lat' dir='ltr'><strong>subit,</strong></span> <span class='ocrx_word' id='word_1_51' title='bbox 924 730 1195 794; x_wconf 77' lang='lat' dir='ltr'><strong>calidumque</strong></span> <span class='ocrx_word' id='word_1_52' title='bbox 1212 727 1410 770; x_wconf 87' lang='lat' dir='ltr'><strong>trientem</strong></span> <span class='ocrx_word' id='word_1_53' title='bbox 1464 741 1531 765; x_wconf 85' lang='grc' dir='ltr'><strong>ιοο</strong></span> 
     </span>
    </p>
   </div>
   <div class='ocr_carea' id='block_1_4' title="bbox 202 845 845 1140">
    <p class='ocr_par' dir='ltr' id='par_1_6' title="bbox 202 845 840 885">
     <span class='ocr_line' id='line_1_10' title="bbox 202 845 840 885; baseline -0.013 0"><span class='ocrx_word' id='word_1_54' title='bbox 202 849 293 885; x_wconf 76' lang='lat' dir='ltr'><strong>male</strong></span> <span class='ocrx_word' id='word_1_55' title='bbox 302 848 458 883; x_wconf 75' lang='lat' dir='ltr'><strong>imitatus</strong></span> <span class='ocrx_word' id='word_1_56' title='bbox 469 855 521 882; x_wconf 79' lang='lat' dir='ltr'><strong>est</strong></span> <span class='ocrx_word' id='word_1_57' title='bbox 535 845 694 881; x_wconf 81' lang='lat' dir='ltr'><strong>satiricus</strong></span> <span class='ocrx_word' id='word_1_58' title='bbox 707 852 840 885; x_wconf 83' lang='lat' dir='ltr'><strong>noster,</strong></span> 
     </span>
    </p>

    <p class='ocr_par' dir='ltr' id='par_1_7' title="bbox 203 903 402 950">
     <span class='ocr_line' id='line_1_11' title="bbox 203 903 402 950; baseline -0.015 -12"><span class='ocrx_word' id='word_1_59' title='bbox 203 903 306 950; x_wconf 77' lang='lat' dir='ltr'><strong>epist.</strong></span> <span class='ocrx_word' id='word_1_60' title='bbox 321 903 402 936; x_wconf 82' lang='lat'>111:</span> 
     </span>
    </p>

    <p class='ocr_par' dir='ltr' id='par_1_8' title="bbox 205 955 844 1042">
     <span class='ocr_line' id='line_1_12' title="bbox 205 955 844 999; baseline -0.011 -8"><span class='ocrx_word' id='word_1_61' title='bbox 205 960 423 999; x_wconf 77' lang='lat' dir='ltr'><strong>Qu&#39;avez·vous</strong></span> <span class='ocrx_word' id='word_1_62' title='bbox 429 960 494 988; x_wconf 72' lang='grc' dir='ltr'><strong>ἰ’-1</strong></span> <span class='ocrx_word' id='word_1_63' title='bbox 496 969 512 988; x_wconf 88' lang='lat' dir='ltr'><strong>e</strong></span> <span class='ocrx_word' id='word_1_64' title='bbox 523 957 585 987; x_wconf 86' lang='lat' dir='ltr'><strong>n&#39;ai</strong></span> <span class='ocrx_word' id='word_1_65' title='bbox 600 956 663 986; x_wconf 84' lang='lat' dir='ltr'><strong>rien</strong></span> <span class='ocrx_word' id='word_1_66' title='bbox 668 955 799 986; x_wconf 79' lang='lat' dir='ltr'><strong>.-Mais.</strong></span> <span class='ocrx_word' id='word_1_67' title='bbox 811 972 844 978; x_wconf 90' lang='lat'><em>-</em></span> 
     </span>
     <span class='ocr_line' id='line_1_13' title="bbox 285 999 684 1042; baseline -0.013 -5"><span class='ocrx_word' id='word_1_68' title='bbox 285 1009 321 1037; x_wconf 79' lang='lat' dir='ltr'><strong>Je</strong></span> <span class='ocrx_word' id='word_1_69' title='bbox 334 1003 396 1036; x_wconf 77' lang='lat' dir='ltr'><strong>ia&#39;ai</strong></span> <span class='ocrx_word' id='word_1_70' title='bbox 406 1006 481 1040; x_wconf 81' lang='lat' dir='ltr'><strong>rien,</strong></span> <span class='ocrx_word' id='word_1_71' title='bbox 493 1016 569 1034; x_wconf 80' lang='lat' dir='ltr'><strong>vous</strong></span> <span class='ocrx_word' id='word_1_72' title='bbox 582 999 667 1042; x_wconf 64' lang='lat' dir='ltr'><strong>disssje</strong></span> <span class='ocrx_word' id='word_1_73' title='bbox 675 1026 684 1038; x_wconf 87' lang='lat'><strong>,</strong></span> 
     </span>
    </p>

    <p class='ocr_par' dir='ltr' id='par_1_9' title="bbox 205 1047 842 1094">
     <span class='ocr_line' id='line_1_14' title="bbox 205 1047 842 1094; baseline -0.011 -10"><span class='ocrx_word' id='word_1_74' title='bbox 205 1053 370 1094; x_wconf 68' lang='lat' dir='ltr'><strong>Repondra</strong></span> <span class='ocrx_word' id='word_1_75' title='bbox 380 1063 414 1082; x_wconf 84' lang='lat' dir='ltr'><strong>ce</strong></span> <span class='ocrx_word' id='word_1_76' title='bbox 426 1052 541 1081; x_wconf 66' lang='lat' dir='ltr'><strong>malado</strong></span> <span class='ocrx_word' id='word_1_77' title='bbox 553 1051 571 1080; x_wconf 72' lang='grc' dir='ltr'>ὲ</span> <span class='ocrx_word' id='word_1_78' title='bbox 583 1061 614 1080; x_wconf 79' lang='lat' dir='ltr'><strong>se</strong></span> <span class='ocrx_word' id='word_1_79' title='bbox 625 1050 700 1079; x_wconf 81' lang='lat' dir='ltr'><strong>taire</strong></span> <span class='ocrx_word' id='word_1_80' title='bbox 712 1047 842 1079; x_wconf 53' lang='lat' dir='ltr'><strong>abstine.</strong></span> 
     </span>
    </p>

    <p class='ocr_par' dir='ltr' id='par_1_10' title="bbox 206 1098 845 1140">
     <span class='ocr_line' id='line_1_15' title="bbox 206 1098 845 1140; baseline -0.009 -10"><span class='ocrx_word' id='word_1_81' title='bbox 206 1101 286 1130; x_wconf 73' lang='lat' dir='ltr'><strong>Mais</strong></span> <span class='ocrx_word' id='word_1_82' title='bbox 305 1099 476 1140; x_wconf 78' lang='lat' dir='ltr'><strong>cependant</strong></span> <span class='ocrx_word' id='word_1_83' title='bbox 494 1098 575 1128; x_wconf 67' lang='lat' dir='ltr'><strong>voili</strong></span> <span class='ocrx_word' id='word_1_84' title='bbox 594 1103 662 1127; x_wconf 85' lang='lat' dir='ltr'><strong>tout</strong></span> <span class='ocrx_word' id='word_1_85' title='bbox 680 1106 735 1126; x_wconf 78' lang='lat' dir='ltr'><strong>son</strong></span> <span class='ocrx_word' id='word_1_86' title='bbox 756 1105 845 1134; x_wconf 78' lang='lat' dir='ltr'><strong>corps</strong></span> 
     </span>
    </p>
   </div>
   <div class='ocr_carea' id='block_1_5' title="bbox 208 1155 873 2673">
    <p class='ocr_par' dir='ltr' id='par_1_11' title="bbox 208 1155 846 1272">
     <span class='ocr_line' id='line_1_16' title="bbox 208 1155 846 1266; baseline -0.009 -44"><span class='ocrx_word' id='word_1_87' title='bbox 208 1192 248 1222; x_wconf 74' lang='lat' dir='ltr'><strong>Bt</strong></span> <span class='ocrx_word' id='word_1_88' title='bbox 258 1155 527 1266; x_wconf 49' lang='lat' dir='ltr'><strong>lafflevreffiimin</strong></span> <span class='ocrx_word' id='word_1_89' title='bbox 543 1200 575 1219; x_wconf 80' lang='lat' dir='ltr'><strong>se</strong></span> <span class='ocrx_word' id='word_1_90' title='bbox 590 1188 717 1218; x_wconf 66' lang='lat' dir='ltr'><strong>tendant</strong></span> <span class='ocrx_word' id='word_1_91' title='bbox 730 1187 760 1217; x_wconf 76' lang='lat' dir='ltr'><strong>la</strong></span> <span class='ocrx_word' id='word_1_92' title='bbox 776 1187 846 1226; x_wconf 74' lang='lat' dir='ltr'><strong>plus</strong></span> 
     </span>
     <span class='ocr_line' id='line_1_17' title="bbox 304 1243 388 1272; baseline -0.012 -5"><span class='ocrx_word' id='word_1_93' title='bbox 304 1243 369 1267; x_wconf 81' lang='lat' dir='ltr'><strong>orte</strong></span> <span class='ocrx_word' id='word_1_94' title='bbox 378 1259 388 1272; x_wconf 93' lang='lat'><strong>,</strong></span> 
     </span>
    </p>

    <p class='ocr_par' dir='ltr' id='par_1_12' title="bbox 210 1279 846 1368">
     <span class='ocr_line' id='line_1_18' title="bbox 210 1279 846 1322; baseline -0.009 -8"><span class='ocrx_word' id='word_1_95' title='bbox 210 1284 263 1314; x_wconf 84' lang='lat' dir='ltr'><strong>Un</strong></span> <span class='ocrx_word' id='word_1_96' title='bbox 273 1283 403 1313; x_wconf 79' lang='lat' dir='ltr'><strong>be&#39;nitier</strong></span> <span class='ocrx_word' id='word_1_97' title='bbox 420 1293 480 1312; x_wconf 81' lang='lat' dir='ltr'><strong>aux</strong></span> <span class='ocrx_word' id='word_1_98' title='bbox 496 1281 598 1322; x_wconf 75' lang='lat' dir='ltr'><strong>pieds,</strong></span> <span class='ocrx_word' id='word_1_99' title='bbox 609 1291 648 1310; x_wconf 81' lang='lat' dir='ltr'><strong>va</strong></span> <span class='ocrx_word' id='word_1_100' title='bbox 664 1279 812 1321; x_wconf 69' lang='lat' dir='ltr'><strong>l&#39;e&#39;tendre</strong></span> <span class='ocrx_word' id='word_1_101' title='bbox 827 1279 846 1308; x_wconf 74' lang='lat' dir='ltr'><strong>‘a</strong></span> 
     </span>
     <span class='ocr_line' id='line_1_19' title="bbox 291 1326 795 1368; baseline -0.008 -10"><span class='ocrx_word' id='word_1_102' title='bbox 291 1329 322 1358; x_wconf 73' lang='lat' dir='ltr'><strong>la</strong></span> <span class='ocrx_word' id='word_1_103' title='bbox 338 1335 438 1368; x_wconf 77' lang='lat' dir='ltr'><strong>porte.</strong></span> <span class='ocrx_word' id='word_1_104' title='bbox 758 1326 795 1354; x_wconf 78' lang='lat' dir='ltr'><strong>A.</strong></span> 
     </span>
    </p>

    <p class='ocr_par' dir='ltr' id='par_1_13' title="bbox 213 1370 846 1411">
     <span class='ocr_line' id='line_1_20' title="bbox 213 1370 846 1411; baseline -0.006 -4"><span class='ocrx_word' id='word_1_105' title='bbox 213 1395 260 1401; x_wconf 90' lang='lat'>—</span> <span class='ocrx_word' id='word_1_106' title='bbox 271 1377 386 1407; x_wconf 81' lang='lat' dir='ltr'><strong>Videas</strong></span> <span class='ocrx_word' id='word_1_107' title='bbox 403 1384 522 1407; x_wconf 72' lang='lat' dir='ltr'><strong>taenea.</strong></span> <span class='ocrx_word' id='word_1_108' title='bbox 546 1373 659 1406; x_wconf 79' lang='lat' dir='ltr'><strong>Instat</strong></span> <span class='ocrx_word' id='word_1_109' title='bbox 676 1370 846 1411; x_wconf 78' lang='lat' dir='ltr'><strong>medicus.</strong></span> 
     </span>
    </p>

    <p class='ocr_par' dir='ltr' id='par_1_14' title="bbox 213 1422 855 1627">
     <span class='ocr_line' id='line_1_21' title="bbox 262 1422 851 1471; baseline -0.008 -11"><span class='ocrx_word' id='word_1_110' title='bbox 262 1426 319 1471; x_wconf 83' lang='grc'><strong>95.</strong></span> <span class='ocrx_word' id='word_1_111' title='bbox 339 1427 449 1469; x_wconf 76' lang='lat' dir='ltr'><strong>Surgit</strong></span> <span class='ocrx_word' id='word_1_112' title='bbox 464 1425 525 1457; x_wconf 79' lang='lat' dir='ltr'><strong>eibi</strong></span> <span class='ocrx_word' id='word_1_113' title='bbox 541 1426 628 1457; x_wconf 84' lang='lat' dir='ltr'><strong>lutea</strong></span> <span class='ocrx_word' id='word_1_114' title='bbox 639 1423 758 1468; x_wconf 45' lang='lat' dir='ltr'><strong>pellis]</strong></span> <span class='ocrx_word' id='word_1_115' title='bbox 774 1422 851 1456; x_wconf 85' lang='lat' dir='ltr'><strong>Pal-</strong></span> 
     </span>
     <span class='ocr_line' id='line_1_22' title="bbox 213 1473 853 1522; baseline -0.009 -9"><span class='ocrx_word' id='word_1_116' title='bbox 213 1478 287 1513; x_wconf 85' lang='lat' dir='ltr'><strong>lida</strong></span> <span class='ocrx_word' id='word_1_117' title='bbox 296 1478 395 1512; x_wconf 84' lang='lat' dir='ltr'><strong>cutis.</strong></span> <span class='ocrx_word' id='word_1_118' title='bbox 401 1478 535 1511; x_wconf 83' lang='lat' dir='ltr'><strong>Luteus</strong></span> <span class='ocrx_word' id='word_1_119' title='bbox 544 1476 652 1516; x_wconf 88' lang='lat' dir='ltr'><strong>color,</strong></span> <span class='ocrx_word' id='word_1_120' title='bbox 658 1473 810 1522; x_wconf 78' lang='lat' dir='ltr'><strong>pallidus</strong></span> <span class='ocrx_word' id='word_1_121' title='bbox 816 1482 853 1508; x_wconf 88' lang='lat' dir='ltr'><strong>et</strong></span> 
     </span>
     <span class='ocr_line' id='line_1_23' title="bbox 213 1528 855 1577; baseline -0.009 -11"><span class='ocrx_word' id='word_1_122' title='bbox 213 1531 449 1577; x_wconf 72' lang='lat' dir='ltr'><strong>alhuspassim</strong></span> <span class='ocrx_word' id='word_1_123' title='bbox 460 1528 761 1564; x_wconf 70' lang='lat' dir='ltr'><strong>confundamus-a</strong></span> <span class='ocrx_word' id='word_1_124' title='bbox 771 1530 855 1573; x_wconf 68' lang='lat' dir='ltr'><strong>poe-</strong></span> 
     </span>
     <span class='ocr_line' id='line_1_24' title="bbox 215 1579 854 1627; baseline -0.011 -10"><span class='ocrx_word' id='word_1_125' title='bbox 215 1583 280 1626; x_wconf 78' lang='lat' dir='ltr'><strong>tis;</strong></span> <span class='ocrx_word' id='word_1_126' title='bbox 293 1591 329 1617; x_wconf 87' lang='lat' dir='ltr'><strong>et</strong></span> <span class='ocrx_word' id='word_1_127' title='bbox 340 1590 423 1616; x_wconf 84' lang='lat' dir='ltr'><strong>sunt</strong></span> <span class='ocrx_word' id='word_1_128' title='bbox 436 1581 533 1627; x_wconf 79' lang='lat' dir='ltr'><strong>signa</strong></span> <span class='ocrx_word' id='word_1_129' title='bbox 546 1581 659 1627; x_wconf 82' lang='lat' dir='ltr'><strong>gravis</strong></span> <span class='ocrx_word' id='word_1_130' title='bbox 674 1579 803 1613; x_wconf 86' lang='lat' dir='ltr'><strong>morbi.</strong></span> <span class='ocrx_word' id='word_1_131' title='bbox 815 1580 854 1613; x_wconf 94' lang='lat' dir='ltr'><strong>C.</strong></span> 
     </span>
    </p>

    <p class='ocr_par' dir='ltr' id='par_1_15' title="bbox 215 1629 862 2201">
     <span class='ocr_line' id='line_1_25' title="bbox 262 1629 855 1679; baseline -0.008 -11"><span class='ocrx_word' id='word_1_132' title='bbox 262 1635 319 1679; x_wconf 86' lang='lat'><strong>96.</strong></span> <span class='ocrx_word' id='word_1_133' title='bbox 341 1638 389 1666; x_wconf 79' lang='lat' dir='ltr'><strong>At</strong></span> <span class='ocrx_word' id='word_1_134' title='bbox 406 1643 441 1666; x_wconf 81' lang='lat' dir='ltr'><strong>tu</strong></span> <span class='ocrx_word' id='word_1_135' title='bbox 461 1634 597 1666; x_wconf 72' lang='lat' dir='ltr'><strong>deterius</strong></span> <span class='ocrx_word' id='word_1_136' title='bbox 615 1629 743 1676; x_wconf 70' lang='lat' dir='ltr'><strong>palles]</strong></span> <span class='ocrx_word' id='word_1_137' title='bbox 772 1632 855 1664; x_wconf 88' lang='lat' dir='ltr'><strong>Res-</strong></span> 
     </span>
     <span class='ocr_line' id='line_1_26' title="bbox 215 1682 854 1735; baseline -0.008 -14"><span class='ocrx_word' id='word_1_138' title='bbox 215 1686 354 1735; x_wconf 84' lang='lat' dir='ltr'><strong>pondet</strong></span> <span class='ocrx_word' id='word_1_139' title='bbox 362 1693 515 1732; x_wconf 68' lang='lat' dir='ltr'><strong>aegrotus</strong></span> <span class='ocrx_word' id='word_1_140' title='bbox 524 1684 691 1731; x_wconf 85' lang='lat' dir='ltr'><strong>pertinax</strong></span> <span class='ocrx_word' id='word_1_141' title='bbox 701 1682 854 1717; x_wconf 84' lang='lat' dir='ltr'><strong>medico.</strong></span> 
     </span>
     <span class='ocr_line' id='line_1_27' title="bbox 217 1736 858 1777; baseline -0.008 -3"><span class='ocrx_word' id='word_1_142' title='bbox 217 1740 287 1774; x_wconf 77' lang='lat' dir='ltr'><strong>Alii</strong></span> <span class='ocrx_word' id='word_1_143' title='bbox 298 1740 424 1775; x_wconf 84' lang='lat' dir='ltr'><strong>volunt</strong></span> <span class='ocrx_word' id='word_1_144' title='bbox 432 1739 507 1773; x_wconf 78' lang='lat' dir='ltr'><strong>haec</strong></span> <span class='ocrx_word' id='word_1_145' title='bbox 516 1737 587 1772; x_wconf 89' lang='lat' dir='ltr'><strong>dici</strong></span> <span class='ocrx_word' id='word_1_146' title='bbox 600 1751 618 1771; x_wconf 90' lang='lat' dir='ltr'><strong>a</strong></span> <span class='ocrx_word' id='word_1_147' title='bbox 629 1736 858 1777; x_wconf 87' lang='lat' dir='ltr'><strong>medico‚non</strong></span> 
     </span>
     <span class='ocr_line' id='line_1_28' title="bbox 217 1789 861 1837; baseline -0.008 -11"><span class='ocrx_word' id='word_1_148' title='bbox 217 1792 262 1826; x_wconf 76' lang='lat' dir='ltr'><strong>ab</strong></span> <span class='ocrx_word' id='word_1_149' title='bbox 269 1791 504 1837; x_wconf 70' lang='lat' dir='ltr'><strong>agrotn,inter</strong></span> <span class='ocrx_word' id='word_1_150' title='bbox 511 1802 599 1836; x_wconf 85' lang='lat' dir='ltr'><strong>quos</strong></span> <span class='ocrx_word' id='word_1_151' title='bbox 607 1789 861 1834; x_wconf 76' lang='lat' dir='ltr'><strong>doctiss-Eques</strong></span> 
     </span>
     <span class='ocr_line' id='line_1_29' title="bbox 221 1840 862 1889; baseline -0.006 -13"><span class='ocrx_word' id='word_1_152' title='bbox 221 1844 326 1886; x_wconf 74' lang='lat' dir='ltr'><strong>croft,</strong></span> <span class='ocrx_word' id='word_1_153' title='bbox 339 1855 416 1889; x_wconf 88' lang='lat' dir='ltr'><strong>sup.</strong></span> <span class='ocrx_word' id='word_1_154' title='bbox 436 1843 582 1883; x_wconf 83' lang='lat' dir='ltr'><strong>citatus,</strong></span> <span class='ocrx_word' id='word_1_155' title='bbox 596 1849 671 1874; x_wconf 90' lang='lat' dir='ltr'><strong>not.</strong></span> <span class='ocrx_word' id='word_1_156' title='bbox 687 1840 730 1885; x_wconf 82' lang='lat'><strong>39</strong></span> <span class='ocrx_word' id='word_1_157' title='bbox 740 1865 750 1878; x_wconf 86' lang='lat'>‚</span> <span class='ocrx_word' id='word_1_158' title='bbox 761 1841 862 1886; x_wconf 85' lang='lat' dir='ltr'><strong>cujus</strong></span> 
     </span>
     <span class='ocr_line' id='line_1_30' title="bbox 221 1887 861 1938; baseline -0.008 -8"><span class='ocrx_word' id='word_1_159' title='bbox 221 1903 305 1930; x_wconf 81' lang='lat' dir='ltr'><strong>nota</strong></span> <span class='ocrx_word' id='word_1_160' title='bbox 312 1895 388 1929; x_wconf 82' lang='lat' dir='ltr'><strong>haec</strong></span> <span class='ocrx_word' id='word_1_161' title='bbox 397 1904 448 1929; x_wconf 87' lang='lat' dir='ltr'><strong>est</strong></span> <span class='ocrx_word' id='word_1_162' title='bbox 459 1907 468 1927; x_wconf 77' lang='grc' dir='ltr'><em>τ</em></span> <span class='ocrx_word' id='word_1_163' title='bbox 485 1912 499 1924; x_wconf 82' lang='grc' dir='ltr'>ι</span> <span class='ocrx_word' id='word_1_164' title='bbox 512 1887 631 1928; x_wconf 72' lang='lat' dir='ltr'><strong>Verba</strong></span> <span class='ocrx_word' id='word_1_165' title='bbox 642 1918 653 1934; x_wconf 92' lang='lat'><strong>,</strong></span> <span class='ocrx_word' id='word_1_166' title='bbox 667 1901 707 1926; x_wconf 90' lang='lat' dir='ltr'><strong>ut</strong></span> <span class='ocrx_word' id='word_1_167' title='bbox 716 1892 861 1938; x_wconf 83' lang='lat' dir='ltr'><strong>opinor,</strong></span> 
     </span>
     <span class='ocr_line' id='line_1_31' title="bbox 225 1943 859 1994; baseline -0.008 -12"><span class='ocrx_word' id='word_1_168' title='bbox 225 1964 241 1978; x_wconf 75' lang='grc' dir='ltr'>ι</span> <span class='ocrx_word' id='word_1_169' title='bbox 256 1943 399 1989; x_wconf 79' lang='lat' dir='ltr'><strong>medici,</strong></span> <span class='ocrx_word' id='word_1_170' title='bbox 410 1960 481 1982; x_wconf 90' lang='lat' dir='ltr'><strong>non</strong></span> <span class='ocrx_word' id='word_1_171' title='bbox 496 1947 627 1994; x_wconf 82' lang='lat' dir='ltr'><strong>aegroti.</strong></span> <span class='ocrx_word' id='word_1_172' title='bbox 639 1949 744 1979; x_wconf 82' lang='lat' dir='ltr'><strong>Heus!</strong></span> <span class='ocrx_word' id='word_1_173' title='bbox 759 1948 859 1984; x_wconf 83' lang='lat' dir='ltr'><strong>bone,</strong></span> 
     </span>
     <span class='ocr_line' id='line_1_32' title="bbox 227 2001 860 2044; baseline -0.002 -13"><span class='ocrx_word' id='word_1_174' title='bbox 227 2017 242 2031; x_wconf 79' lang='grc' dir='ltr'>ι</span> <span class='ocrx_word' id='word_1_175' title='bbox 257 2010 291 2033; x_wconf 83' lang='lat' dir='ltr'><strong>tu</strong></span> <span class='ocrx_word' id='word_1_176' title='bbox 297 2003 402 2044; x_wconf 79' lang='lat' dir='ltr'><strong>palles</strong></span> <span class='ocrx_word' id='word_1_177' title='bbox 410 2005 425 2032; x_wconf 74' lang='grc' dir='ltr'><em>Ι</em></span> <span class='ocrx_word' id='word_1_178' title='bbox 433 2021 479 2026; x_wconf 92' lang='lat'>—</span> <span class='ocrx_word' id='word_1_179' title='bbox 488 2002 579 2032; x_wconf 77' lang='lat' dir='ltr'><strong>Nihil</strong></span> <span class='ocrx_word' id='word_1_180' title='bbox 588 2009 643 2032; x_wconf 82' lang='lat' dir='ltr'><strong>est.</strong></span> <span class='ocrx_word' id='word_1_181' title='bbox 651 2003 753 2031; x_wconf 80' lang='lat' dir='ltr'><strong>—At</strong></span> <span class='ocrx_word' id='word_1_182' title='bbox 761 2008 795 2031; x_wconf 81' lang='lat' dir='ltr'><strong>tu</strong></span> <span class='ocrx_word' id='word_1_183' title='bbox 807 2001 860 2030; x_wconf 85' lang='lat' dir='ltr'><strong>de-</strong></span> 
     </span>
     <span class='ocr_line' id='line_1_33' title="bbox 227 2051 861 2098; baseline -0.002 -13"><span class='ocrx_word' id='word_1_184' title='bbox 227 2069 243 2083; x_wconf 80' lang='lat'><strong>·</strong></span> <span class='ocrx_word' id='word_1_185' title='bbox 256 2055 351 2086; x_wconf 81' lang='lat' dir='ltr'><strong>terius</strong></span> <span class='ocrx_word' id='word_1_186' title='bbox 354 2054 460 2096; x_wconf 85' lang='lat' dir='ltr'><strong>palles</strong></span> <span class='ocrx_word' id='word_1_187' title='bbox 471 2054 485 2097; x_wconf 91' lang='lat'>(</span> <span class='ocrx_word' id='word_1_188' title='bbox 495 2052 583 2086; x_wconf 87' lang='lat' dir='ltr'><strong>dum</strong></span> <span class='ocrx_word' id='word_1_189' title='bbox 594 2052 725 2098; x_wconf 82' lang='lat' dir='ltr'><strong>loquor</strong></span> <span class='ocrx_word' id='word_1_190' title='bbox 738 2051 861 2085; x_wconf 88' lang='lat' dir='ltr'><strong>crescit</strong></span> 
     </span>
     <span class='ocr_line' id='line_1_34' title="bbox 228 2106 862 2149; baseline -0.006 -9"><span class='ocrx_word' id='word_1_191' title='bbox 228 2122 243 2136; x_wconf 76' lang='grc' dir='ltr'>ι</span> <span class='ocrx_word' id='word_1_192' title='bbox 259 2106 447 2149; x_wconf 85' lang='lat' dir='ltr'><strong>morbus);</strong></span> <span class='ocrx_word' id='word_1_193' title='bbox 464 2107 579 2138; x_wconf 78' lang='lat' dir='ltr'><strong>videas</strong></span> <span class='ocrx_word' id='word_1_194' title='bbox 597 2114 701 2137; x_wconf 78' lang='lat' dir='ltr'><strong>tamen</strong></span> <span class='ocrx_word' id='word_1_195' title='bbox 717 2106 862 2137; x_wconf 85' lang='lat' dir='ltr'><strong>istud.—</strong></span> 
     </span>
     <span class='ocr_line' id='line_1_35' title="bbox 227 2153 859 2201; baseline 0 -13"><span class='ocrx_word' id='word_1_196' title='bbox 227 2174 244 2188; x_wconf 75' lang='grc' dir='ltr'>ι</span> <span class='ocrx_word' id='word_1_197' title='bbox 257 2160 306 2190; x_wconf 85' lang='lat' dir='ltr'><strong>Ne</strong></span> <span class='ocrx_word' id='word_1_198' title='bbox 312 2159 353 2190; x_wconf 78' lang='lat' dir='ltr'><strong>sis</strong></span> <span class='ocrx_word' id='word_1_199' title='bbox 358 2159 439 2190; x_wconf 67' lang='lat' dir='ltr'><strong>milui</strong></span> <span class='ocrx_word' id='word_1_200' title='bbox 444 2153 529 2189; x_wconf 61' lang='lat' dir='ltr'><strong>tutor</strong></span> <span class='ocrx_word' id='word_1_201' title='bbox 534 2158 595 2201; x_wconf 90' lang='lat' dir='ltr'><strong>(ne</strong></span> <span class='ocrx_word' id='word_1_202' title='bbox 601 2155 695 2190; x_wconf 86' lang='lat' dir='ltr'><strong>dicas</strong></span> <span class='ocrx_word' id='word_1_203' title='bbox 704 2155 770 2200; x_wconf 88' lang='lat' dir='ltr'><strong>id),</strong></span> <span class='ocrx_word' id='word_1_204' title='bbox 778 2164 859 2189; x_wconf 80' lang='lat' dir='ltr'><strong>etc.-</strong></span> 
     </span>
    </p>

    <p class='ocr_par' dir='ltr' id='par_1_16' title="bbox 217 2208 861 2250">
     <span class='ocr_line' id='line_1_36' title="bbox 217 2208 861 2250; baseline -0.005 -7"><span class='ocrx_word' id='word_1_205' title='bbox 217 2209 307 2250; x_wconf 59' lang='lat' dir='ltr'><strong>¹:Non</strong></span> <span class='ocrx_word' id='word_1_206' title='bbox 317 2209 406 2243; x_wconf 85' lang='lat' dir='ltr'><strong>male</strong></span> <span class='ocrx_word' id='word_1_207' title='bbox 415 2218 522 2250; x_wconf 88' lang='lat' dir='ltr'><strong>certe,</strong></span> <span class='ocrx_word' id='word_1_208' title='bbox 533 2217 567 2242; x_wconf 87' lang='lat' dir='ltr'><strong>et</strong></span> <span class='ocrx_word' id='word_1_209' title='bbox 576 2209 668 2242; x_wconf 83' lang='lat' dir='ltr'><strong>forte</strong></span> <span class='ocrx_word' id='word_1_210' title='bbox 677 2208 812 2242; x_wconf 82' lang='lat' dir='ltr'><strong>melius.</strong></span> <span class='ocrx_word' id='word_1_211' title='bbox 818 2209 861 2240; x_wconf 83' lang='lat' dir='ltr'><strong>A.</strong></span> 
     </span>
    </p>

    <p class='ocr_par' dir='ltr' id='par_1_17' title="bbox 227 2260 867 2459">
     <span class='ocr_line' id='line_1_37' title="bbox 227 2260 867 2306; baseline -0.003 -12"><span class='ocrx_word' id='word_1_212' title='bbox 227 2263 330 2294; x_wconf 57' lang='lat' dir='ltr'><strong>—Ne</strong></span> <span class='ocrx_word' id='word_1_213' title='bbox 349 2263 390 2294; x_wconf 84' lang='lat' dir='ltr'><strong>sis</strong></span> <span class='ocrx_word' id='word_1_214' title='bbox 408 2263 489 2294; x_wconf 78' lang='lat' dir='ltr'><strong>mihi</strong></span> <span class='ocrx_word' id='word_1_215' title='bbox 503 2271 597 2293; x_wconf 84' lang='lat' dir='ltr'><strong>tutor.</strong></span> <span class='ocrx_word' id='word_1_216' title='bbox 613 2261 688 2294; x_wconf 81' lang='lat' dir='ltr'><strong>Jam</strong></span> <span class='ocrx_word' id='word_1_217' title='bbox 703 2260 867 2306; x_wconf 82' lang='lat' dir='ltr'><strong>pupillus</strong></span> 
     </span>
     <span class='ocr_line' id='line_1_38' title="bbox 228 2313 867 2360; baseline -0.005 -13"><span class='ocrx_word' id='word_1_218' title='bbox 228 2325 302 2347; x_wconf 84' lang='lat' dir='ltr'><strong>non</strong></span> <span class='ocrx_word' id='word_1_219' title='bbox 313 2325 392 2347; x_wconf 86' lang='lat' dir='ltr'><strong>sum</strong></span> <span class='ocrx_word' id='word_1_220' title='bbox 400 2338 411 2354; x_wconf 93' lang='lat'><strong>,</strong></span> <span class='ocrx_word' id='word_1_221' title='bbox 422 2313 608 2360; x_wconf 67' lang='lat' dir='ltr'><strong>disciplina</strong></span> <span class='ocrx_word' id='word_1_222' title='bbox 617 2314 678 2346; x_wconf 69' lang='lat' dir='ltr'><strong>tua</strong></span> <span class='ocrx_word' id='word_1_223' title='bbox 689 2324 762 2345; x_wconf 90' lang='lat' dir='ltr'><strong>non</strong></span> <span class='ocrx_word' id='word_1_224' title='bbox 772 2324 867 2358; x_wconf 85' lang='lat' dir='ltr'><strong>egeo.</strong></span> 
     </span>
     <span class='ocr_line' id='line_1_39' title="bbox 231 2363 867 2411; baseline 0 -13"><span class='ocrx_word' id='word_1_225' title='bbox 231 2369 404 2405; x_wconf 57' lang='lat' dir='ltr'><strong>-Tueom</strong></span> <span class='ocrx_word' id='word_1_226' title='bbox 423 2374 464 2399; x_wconf 87' lang='lat' dir='ltr'><strong>ut</strong></span> <span class='ocrx_word' id='word_1_227' title='bbox 484 2374 632 2411; x_wconf 82' lang='lat' dir='ltr'><strong>patruus</strong></span> <span class='ocrx_word' id='word_1_228' title='bbox 650 2376 660 2397; x_wconf 89' lang='lat'>:</span> <span class='ocrx_word' id='word_1_229' title='bbox 684 2363 760 2399; x_wconf 76' lang='lat' dir='ltr'><strong>vid.</strong></span> <span class='ocrx_word' id='word_1_230' title='bbox 785 2376 867 2410; x_wconf 85' lang='lat' dir='ltr'><strong>sup.</strong></span> 
     </span>
     <span class='ocr_line' id='line_1_40' title="bbox 230 2417 534 2459; baseline 0.003 -9"><span class='ocrx_word' id='word_1_231' title='bbox 230 2424 294 2450; x_wconf 74' lang='lat' dir='ltr'><strong>sat.</strong></span> <span class='ocrx_word' id='word_1_232' title='bbox 307 2417 349 2459; x_wconf 91' lang='lat'><strong>1,</strong></span> <span class='ocrx_word' id='word_1_233' title='bbox 362 2430 400 2451; x_wconf 83' lang='lat' dir='ltr'><strong>v.</strong></span> <span class='ocrx_word' id='word_1_234' title='bbox 420 2429 476 2451; x_wconf 79' lang='grc' dir='ltr'><strong>ιι.</strong></span> <span class='ocrx_word' id='word_1_235' title='bbox 494 2418 534 2451; x_wconf 91' lang='grc' dir='ltr'><strong>Ρ.</strong></span> 
     </span>
    </p>

    <p class='ocr_par' dir='ltr' id='par_1_18' title="bbox 235 2470 873 2673">
     <span class='ocr_line' id='line_1_41' title="bbox 278 2470 871 2513; baseline -0.003 -11"><span class='ocrx_word' id='word_1_236' title='bbox 278 2480 337 2513; x_wconf 85' lang='grc'><strong>97.</strong></span> <span class='ocrx_word' id='word_1_237' title='bbox 365 2473 438 2502; x_wconf 88' lang='lat' dir='ltr'><strong>Jam</strong></span> <span class='ocrx_word' id='word_1_238' title='bbox 463 2472 590 2512; x_wconf 82' lang='lat' dir='ltr'><strong>pridem</strong></span> <span class='ocrx_word' id='word_1_239' title='bbox 620 2470 705 2501; x_wconf 71' lang='lat' dir='ltr'><strong>hunc</strong></span> <span class='ocrx_word' id='word_1_240' title='bbox 727 2470 837 2511; x_wconf 81' lang='lat' dir='ltr'><strong>sepeli.</strong></span> <span class='ocrx_word' id='word_1_241' title='bbox 857 2470 871 2511; x_wconf 81' lang='grc'>]</span> 
     </span>
     <span class='ocr_line' id='line_1_42' title="bbox 235 2519 871 2559; baseline -0.003 -5"><span class='ocrx_word' id='word_1_242' title='bbox 235 2519 408 2555; x_wconf 83' lang='lat' dir='ltr'><strong>Tutorem</strong></span> <span class='ocrx_word' id='word_1_243' title='bbox 420 2521 506 2555; x_wconf 87' lang='lat' dir='ltr'><strong>olim</strong></span> <span class='ocrx_word' id='word_1_244' title='bbox 519 2522 574 2556; x_wconf 87' lang='lat' dir='ltr'><strong>tui</strong></span> <span class='ocrx_word' id='word_1_245' title='bbox 587 2521 737 2554; x_wconf 85' lang='lat' dir='ltr'><strong>similem</strong></span> <span class='ocrx_word' id='word_1_246' title='bbox 749 2520 871 2559; x_wconf 82' lang='lat' dir='ltr'><strong>habui,</strong></span> 
     </span>
     <span class='ocr_line' id='line_1_43' title="bbox 236 2572 872 2620; baseline -0.003 -13"><span class='ocrx_word' id='word_1_247' title='bbox 236 2572 299 2606; x_wconf 72' lang='lat' dir='ltr'><strong>sed</strong></span> <span class='ocrx_word' id='word_1_248' title='bbox 321 2585 402 2607; x_wconf 84' lang='lat' dir='ltr'><strong>enm</strong></span> <span class='ocrx_word' id='word_1_249' title='bbox 424 2575 496 2620; x_wconf 81' lang='lat' dir='ltr'><strong>jam</strong></span> <span class='ocrx_word' id='word_1_250' title='bbox 519 2573 662 2620; x_wconf 82' lang='lat' dir='ltr'><strong>pridem</strong></span> <span class='ocrx_word' id='word_1_251' title='bbox 685 2580 872 2606; x_wconf 77' lang='lat' dir='ltr'><strong>mortuum</strong></span> 
     </span>
     <span class='ocr_line' id='line_1_44' title="bbox 239 2624 873 2673; baseline -0.002 -14"><span class='ocrx_word' id='word_1_252' title='bbox 239 2624 386 2673; x_wconf 77' lang='lat' dir='ltr'><strong>gaudeo.</strong></span> <span class='ocrx_word' id='word_1_253' title='bbox 394 2646 442 2652; x_wconf 90' lang='lat'>—</span> <span class='ocrx_word' id='word_1_254' title='bbox 453 2630 498 2659; x_wconf 80' lang='lat' dir='ltr'><strong>Tu</strong></span> <span class='ocrx_word' id='word_1_255' title='bbox 516 2636 622 2659; x_wconf 76' lang='lat' dir='ltr'><strong>restas.</strong></span> <span class='ocrx_word' id='word_1_256' title='bbox 643 2627 693 2661; x_wconf 88' lang='lat' dir='ltr'><strong>Ut</strong></span> <span class='ocrx_word' id='word_1_257' title='bbox 716 2625 762 2659; x_wconf 83' lang='lat' dir='ltr'><strong>sis</strong></span> <span class='ocrx_word' id='word_1_258' title='bbox 784 2624 873 2659; x_wconf 85' lang='lat' dir='ltr'><strong>mihi</strong></span> 
     </span>
    </p>
   </div>
   <div class='ocr_carea' id='block_1_6' title="bbox 893 835 1545 1515">
    <p class='ocr_par' dir='ltr' id='par_1_19' title="bbox 893 835 1535 1084">
     <span class='ocr_line' id='line_1_45' title="bbox 893 835 1533 885; baseline -0.013 -9"><span class='ocrx_word' id='word_1_259' title='bbox 893 850 992 876; x_wconf 87' lang='lat' dir='ltr'><strong>tutor</strong></span> <span class='ocrx_word' id='word_1_260' title='bbox 1006 841 1093 875; x_wconf 77' lang='lat' dir='ltr'><strong>alter</strong></span> <span class='ocrx_word' id='word_1_261' title='bbox 1104 864 1115 880; x_wconf 92' lang='lat'><strong>,</strong></span> <span class='ocrx_word' id='word_1_262' title='bbox 1134 847 1242 885; x_wconf 84' lang='lat' dir='ltr'><strong>atque</strong></span> <span class='ocrx_word' id='word_1_263' title='bbox 1258 836 1346 871; x_wconf 85' lang='lat' dir='ltr'><strong>mihi</strong></span> <span class='ocrx_word' id='word_1_264' title='bbox 1360 836 1451 882; x_wconf 82' lang='lat' dir='ltr'><strong>leges</strong></span> <span class='ocrx_word' id='word_1_265' title='bbox 1464 835 1533 869; x_wconf 88' lang='lat' dir='ltr'><strong>im-</strong></span> 
     </span>
     <span class='ocr_line' id='line_1_46' title="bbox 893 888 1532 941; baseline -0.013 -13"><span class='ocrx_word' id='word_1_266' title='bbox 893 906 1017 941; x_wconf 87' lang='lat' dir='ltr'><strong>ponas.</strong></span> <span class='ocrx_word' id='word_1_267' title='bbox 1028 897 1199 936; x_wconf 76' lang='lat' dir='ltr'><strong>—Perge,</strong></span> <span class='ocrx_word' id='word_1_268' title='bbox 1214 893 1334 933; x_wconf 61' lang='lat' dir='ltr'><strong>tacebo.</strong></span> <span class='ocrx_word' id='word_1_269' title='bbox 1349 888 1446 922; x_wconf 84' lang='lat' dir='ltr'><strong>Nihil</strong></span> <span class='ocrx_word' id='word_1_270' title='bbox 1459 900 1532 921; x_wconf 86' lang='lat' dir='ltr'><strong>am-</strong></span> 
     </span>
     <span class='ocr_line' id='line_1_47' title="bbox 894 939 1533 993; baseline -0.011 -14"><span class='ocrx_word' id='word_1_271' title='bbox 894 946 990 993; x_wconf 84' lang='lat' dir='ltr'><strong>plius</strong></span> <span class='ocrx_word' id='word_1_272' title='bbox 1007 944 1179 991; x_wconf 87' lang='lat' dir='ltr'><strong>praecipio</strong></span> <span class='ocrx_word' id='word_1_273' title='bbox 1189 967 1200 983; x_wconf 85' lang='lat'><strong>,</strong></span> <span class='ocrx_word' id='word_1_274' title='bbox 1214 941 1333 988; x_wconf 86' lang='lat' dir='ltr'><strong>iuquit</strong></span> <span class='ocrx_word' id='word_1_275' title='bbox 1356 939 1533 974; x_wconf 85' lang='lat' dir='ltr'><strong>medicus.</strong></span> 
     </span>
     <span class='ocr_line' id='line_1_48' title="bbox 896 992 1535 1039; baseline -0.011 -7"><span class='ocrx_word' id='word_1_276' title='bbox 896 998 983 1032; x_wconf 87' lang='lat' dir='ltr'><strong>Bibe</strong></span> <span class='ocrx_word' id='word_1_277' title='bbox 996 1022 1007 1039; x_wconf 88' lang='lat'><strong>‚</strong></span> <span class='ocrx_word' id='word_1_278' title='bbox 1022 997 1099 1031; x_wconf 81' lang='lat' dir='ltr'><strong>lava</strong></span> <span class='ocrx_word' id='word_1_279' title='bbox 1113 1021 1124 1039; x_wconf 93' lang='lat'><strong>,</strong></span> <span class='ocrx_word' id='word_1_280' title='bbox 1139 995 1255 1029; x_wconf 85' lang='lat' dir='ltr'><strong>Genio</strong></span> <span class='ocrx_word' id='word_1_281' title='bbox 1272 992 1440 1039; x_wconf 83' lang='lat' dir='ltr'><strong>indulge,</strong></span> <span class='ocrx_word' id='word_1_282' title='bbox 1457 992 1535 1026; x_wconf 84' lang='lat' dir='ltr'><strong>ahs·</strong></span> 
     </span>
     <span class='ocr_line' id='line_1_49' title="bbox 897 1049 1059 1084; baseline -0.012 0"><span class='ocrx_word' id='word_1_283' title='bbox 897 1049 999 1084; x_wconf 84' lang='lat' dir='ltr'><strong>cedo.</strong></span> <span class='ocrx_word' id='word_1_284' title='bbox 1019 1049 1059 1082; x_wconf 88' lang='lat' dir='ltr'><strong>P.</strong></span> 
     </span>
    </p>

    <p class='ocr_par' dir='ltr' id='par_1_20' title="bbox 895 1097 1545 1515">
     <span class='ocr_line' id='line_1_50' title="bbox 942 1097 1533 1147; baseline -0.008 -12"><span class='ocrx_word' id='word_1_285' title='bbox 942 1103 997 1147; x_wconf 88' lang='lat'><strong>98.</strong></span> <span class='ocrx_word' id='word_1_286' title='bbox 1026 1102 1181 1144; x_wconf 77' lang='lat' dir='ltr'><strong>Turgidus</strong></span> <span class='ocrx_word' id='word_1_287' title='bbox 1206 1101 1259 1132; x_wconf 79' lang='grc' dir='ltr'><strong>Ιιίε</strong></span> <span class='ocrx_word' id='word_1_288' title='bbox 1282 1100 1413 1142; x_wconf 83' lang='lat' dir='ltr'><strong>epulis.]</strong></span> <span class='ocrx_word' id='word_1_289' title='bbox 1436 1097 1533 1131; x_wconf 87' lang='lat' dir='ltr'><strong>Con-</strong></span> 
     </span>
     <span class='ocr_line' id='line_1_51' title="bbox 898 1150 1536 1201; baseline -0.009 -12"><span class='ocrx_word' id='word_1_290' title='bbox 898 1162 1035 1201; x_wconf 83' lang='lat' dir='ltr'><strong>tempto</strong></span> <span class='ocrx_word' id='word_1_291' title='bbox 1053 1154 1163 1200; x_wconf 83' lang='lat' dir='ltr'><strong>igitur</strong></span> <span class='ocrx_word' id='word_1_292' title='bbox 1178 1153 1282 1198; x_wconf 82' lang='lat' dir='ltr'><strong>plane</strong></span> <span class='ocrx_word' id='word_1_293' title='bbox 1300 1150 1431 1185; x_wconf 88' lang='lat' dir='ltr'><strong>medici</strong></span> <span class='ocrx_word' id='word_1_294' title='bbox 1448 1161 1536 1184; x_wconf 86' lang='lat' dir='ltr'><strong>con-</strong></span> 
     </span>
     <span class='ocr_line' id='line_1_52' title="bbox 898 1203 1540 1250; baseline -0.009 -9"><span class='ocrx_word' id='word_1_295' title='bbox 898 1208 997 1249; x_wconf 84' lang='lat' dir='ltr'><strong>silio,</strong></span> <span class='ocrx_word' id='word_1_296' title='bbox 1015 1206 1074 1240; x_wconf 89' lang='lat' dir='ltr'><strong>ille</strong></span> <span class='ocrx_word' id='word_1_297' title='bbox 1097 1218 1133 1240; x_wconf 89' lang='lat' dir='ltr'><strong>se</strong></span> <span class='ocrx_word' id='word_1_298' title='bbox 1155 1204 1244 1238; x_wconf 86' lang='lat' dir='ltr'><strong>cibis</strong></span> <span class='ocrx_word' id='word_1_299' title='bbox 1266 1203 1484 1250; x_wconf 78' lang='lat' dir='ltr'><strong>ingurgitat,</strong></span> <span class='ocrx_word' id='word_1_300' title='bbox 1501 1207 1540 1235; x_wconf 76' lang='lat' dir='ltr'><strong>et</strong></span> 
     </span>
     <span class='ocr_line' id='line_1_53' title="bbox 895 1255 1540 1295; baseline -0.009 -1"><span class='ocrx_word' id='word_1_301' title='bbox 895 1269 992 1295; x_wconf 79' lang='lat' dir='ltr'><strong>satur</strong></span> <span class='ocrx_word' id='word_1_302' title='bbox 1004 1259 1127 1292; x_wconf 81' lang='lat' dir='ltr'><strong>balnea</strong></span> <span class='ocrx_word' id='word_1_303' title='bbox 1144 1258 1276 1291; x_wconf 85' lang='lat' dir='ltr'><strong>intrat:</strong></span> <span class='ocrx_word' id='word_1_304' title='bbox 1294 1255 1356 1290; x_wconf 87' lang='lat' dir='ltr'><strong>sed</strong></span> <span class='ocrx_word' id='word_1_305' title='bbox 1369 1267 1455 1289; x_wconf 84' lang='lat' dir='ltr'><strong>mox</strong></span> <span class='ocrx_word' id='word_1_306' title='bbox 1466 1266 1540 1289; x_wconf 64' lang='lat' dir='ltr'><strong>sun</strong></span> 
     </span>
     <span class='ocr_line' id='line_1_54' title="bbox 898 1308 1541 1359; baseline -0.011 -13"><span class='ocrx_word' id='word_1_307' title='bbox 898 1312 957 1346; x_wconf 83' lang='lat' dir='ltr'><strong>dat</strong></span> <span class='ocrx_word' id='word_1_308' title='bbox 975 1323 1096 1359; x_wconf 82' lang='lat' dir='ltr'><strong>poenas</strong></span> <span class='ocrx_word' id='word_1_309' title='bbox 1118 1308 1541 1356; x_wconf 79' lang='lat' dir='ltr'><strong>intemperantiae.—-AI-</strong></span> 
     </span>
     <span class='ocr_line' id='line_1_55' title="bbox 900 1359 1543 1398; baseline -0.009 0"><span class='ocrx_word' id='word_1_310' title='bbox 900 1368 939 1398; x_wconf 82' lang='lat' dir='ltr'><strong>bo</strong></span> <span class='ocrx_word' id='word_1_311' title='bbox 959 1373 1086 1397; x_wconf 81' lang='lat' dir='ltr'><strong>ventre.</strong></span> <span class='ocrx_word' id='word_1_312' title='bbox 1103 1362 1215 1396; x_wconf 77' lang='lat' dir='ltr'><strong>Albus</strong></span> <span class='ocrx_word' id='word_1_313' title='bbox 1237 1369 1298 1395; x_wconf 85' lang='lat' dir='ltr'><strong>aut</strong></span> <span class='ocrx_word' id='word_1_314' title='bbox 1321 1359 1460 1394; x_wconf 86' lang='lat' dir='ltr'><strong>albidus</strong></span> <span class='ocrx_word' id='word_1_315' title='bbox 1479 1371 1543 1393; x_wconf 89' lang='lat' dir='ltr'><strong>co-</strong></span> 
     </span>
     <span class='ocr_line' id='line_1_56' title="bbox 901 1412 1545 1462; baseline -0.009 -12"><span class='ocrx_word' id='word_1_316' title='bbox 901 1417 958 1451; x_wconf 88' lang='lat' dir='ltr'><strong>lor</strong></span> <span class='ocrx_word' id='word_1_317' title='bbox 985 1414 1154 1462; x_wconf 81' lang='lat' dir='ltr'><strong>proprius</strong></span> <span class='ocrx_word' id='word_1_318' title='bbox 1188 1414 1263 1448; x_wconf 82' lang='lat' dir='ltr'><strong>otio</strong></span> <span class='ocrx_word' id='word_1_319' title='bbox 1299 1412 1545 1447; x_wconf 72' lang='lat' dir='ltr'><strong>marcescentis</strong></span> 
     </span>
     <span class='ocr_line' id='line_1_57' title="bbox 905 1465 1545 1515; baseline -0.009 -11"><span class='ocrx_word' id='word_1_320' title='bbox 905 1478 939 1504; x_wconf 89' lang='lat' dir='ltr'><strong>et</strong></span> <span class='ocrx_word' id='word_1_321' title='bbox 961 1469 1208 1515; x_wconf 83' lang='lat' dir='ltr'><strong>voluptatibus</strong></span> <span class='ocrx_word' id='word_1_322' title='bbox 1235 1466 1447 1502; x_wconf 76' lang='lat' dir='ltr'><strong>diffluentis.</strong></span> <span class='ocrx_word' id='word_1_323' title='bbox 1474 1465 1545 1499; x_wconf 85' lang='lat' dir='ltr'><strong>Dio</strong></span> 
     </span>
    </p>
   </div>
   <div class='ocr_carea' id='block_1_7' title="bbox 903 1525 1571 2664">
    <p class='ocr_par' dir='ltr' id='par_1_21' title="bbox 903 1525 1550 1889">
     <span class='ocr_line' id='line_1_58' title="bbox 905 1525 1547 1575; baseline -0.008 -12"><span class='ocrx_word' id='word_1_324' title='bbox 905 1529 1087 1575; x_wconf 79' lang='lat' dir='ltr'><strong>chrysost.</strong></span> <span class='ocrx_word' id='word_1_325' title='bbox 1107 1528 1144 1561; x_wconf 89' lang='lat' dir='ltr'><strong>in</strong></span> <span class='ocrx_word' id='word_1_326' title='bbox 1164 1528 1218 1562; x_wconf 88' lang='lat' dir='ltr'><strong>IV</strong></span> <span class='ocrx_word' id='word_1_327' title='bbox 1235 1526 1280 1561; x_wconf 88' lang='lat' dir='ltr'><strong>de</strong></span> <span class='ocrx_word' id='word_1_328' title='bbox 1295 1527 1409 1572; x_wconf 80' lang='lat' dir='ltr'><strong>Regu.</strong></span> <span class='ocrx_word' id='word_1_329' title='bbox 1426 1525 1547 1564; x_wconf 69' lang='grc' dir='ltr'>Λευκὸς</span> 
     </span>
     <span class='ocr_line' id='line_1_59' title="bbox 906 1577 1545 1626; baseline -0.008 -11"><span class='ocrx_word' id='word_1_330' title='bbox 906 1579 985 1615; x_wconf 68' lang='grc' dir='ltr'>ἰδεῖν</span> <span class='ocrx_word' id='word_1_331' title='bbox 996 1605 1005 1618; x_wconf 87' lang='grc'>,</span> <span class='ocrx_word' id='word_1_332' title='bbox 1023 1581 1201 1626; x_wconf 73' lang='grc' dir='ltr'>ἐντρυφερὸς</span> <span class='ocrx_word' id='word_1_333' title='bbox 1213 1606 1224 1623; x_wconf 88' lang='lat'><strong>,</strong></span> <span class='ocrx_word' id='word_1_334' title='bbox 1239 1580 1360 1624; x_wconf 76' lang='grc' dir='ltr'>αἰθρίας</span> <span class='ocrx_word' id='word_1_335' title='bbox 1374 1577 1428 1611; x_wconf 66' lang='grc' dir='ltr'><strong>καὶ</strong></span> <span class='ocrx_word' id='word_1_336' title='bbox 1440 1578 1545 1611; x_wconf 77' lang='grc' dir='ltr'>πόνων</span> 
     </span>
     <span class='ocr_line' id='line_1_60' title="bbox 908 1632 1546 1679; baseline -0.005 -12"><span class='ocrx_word' id='word_1_337' title='bbox 908 1635 1048 1679; x_wconf 63' lang='grc' dir='ltr'><strong>ἄπειρος.</strong></span> <span class='ocrx_word' id='word_1_338' title='bbox 1075 1633 1200 1667; x_wconf 82' lang='lat' dir='ltr'><strong>Horat.</strong></span> <span class='ocrx_word' id='word_1_339' title='bbox 1228 1632 1292 1666; x_wconf 87' lang='lat' dir='ltr'><strong>lib.</strong></span> <span class='ocrx_word' id='word_1_340' title='bbox 1322 1632 1380 1672; x_wconf 91' lang='lat' dir='ltr'><strong>II,</strong></span> <span class='ocrx_word' id='word_1_341' title='bbox 1408 1637 1472 1664; x_wconf 84' lang='lat' dir='ltr'><strong>sat.</strong></span> <span class='ocrx_word' id='word_1_342' title='bbox 1498 1643 1518 1664; x_wconf 79' lang='lat'>2</span> <span class='ocrx_word' id='word_1_343' title='bbox 1534 1652 1546 1670; x_wconf 88' lang='lat'><em>‚</em></span> 
     </span>
     <span class='ocr_line' id='line_1_61' title="bbox 903 1686 1547 1729; baseline -0.008 -11"><span class='ocrx_word' id='word_1_344' title='bbox 903 1688 1057 1729; x_wconf 81' lang='lat' dir='ltr'><strong>pinguem</strong></span> <span class='ocrx_word' id='word_1_345' title='bbox 1067 1686 1158 1718; x_wconf 82' lang='lat' dir='ltr'><strong>vitiis</strong></span> <span class='ocrx_word' id='word_1_346' title='bbox 1164 1686 1547 1726; x_wconf 76' lang='lat' dir='ltr'><strong>albumque.—-Lavatur.</strong></span> 
     </span>
     <span class='ocr_line' id='line_1_62' title="bbox 911 1733 1550 1785; baseline -0.008 -14"><span class='ocrx_word' id='word_1_347' title='bbox 911 1737 1020 1785; x_wconf 88' lang='lat' dir='ltr'><strong>Quod</strong></span> <span class='ocrx_word' id='word_1_348' title='bbox 1034 1750 1126 1784; x_wconf 79' lang='lat' dir='ltr'><strong>aegro</strong></span> <span class='ocrx_word' id='word_1_349' title='bbox 1139 1736 1391 1783; x_wconf 86' lang='lat' dir='ltr'><strong>periculosum.</strong></span> <span class='ocrx_word' id='word_1_350' title='bbox 1403 1733 1550 1768; x_wconf 89' lang='lat' dir='ltr'><strong>Cornel.</strong></span> 
     </span>
     <span class='ocr_line' id='line_1_63' title="bbox 913 1786 1549 1835; baseline -0.008 -11"><span class='ocrx_word' id='word_1_351' title='bbox 913 1790 1001 1825; x_wconf 87' lang='lat' dir='ltr'><strong>Cels.</strong></span> <span class='ocrx_word' id='word_1_352' title='bbox 1010 1790 1071 1823; x_wconf 84' lang='lat' dir='ltr'><strong>lib.</strong></span> <span class='ocrx_word' id='word_1_353' title='bbox 1081 1790 1141 1823; x_wconf 93' lang='lat' dir='ltr'><strong>III</strong></span> <span class='ocrx_word' id='word_1_354' title='bbox 1152 1814 1162 1830; x_wconf 94' lang='lat'><strong>,</strong></span> <span class='ocrx_word' id='word_1_355' title='bbox 1176 1801 1251 1835; x_wconf 90' lang='lat' dir='ltr'><strong>cap.</strong></span> <span class='ocrx_word' id='word_1_356' title='bbox 1266 1800 1319 1822; x_wconf 78' lang='lat'><strong>21.</strong></span> <span class='ocrx_word' id='word_1_357' title='bbox 1332 1787 1422 1821; x_wconf 86' lang='lat' dir='ltr'><strong>Plin.</strong></span> <span class='ocrx_word' id='word_1_358' title='bbox 1435 1786 1496 1820; x_wconf 86' lang='lat' dir='ltr'><strong>lib.</strong></span> <span class='ocrx_word' id='word_1_359' title='bbox 1508 1786 1527 1819; x_wconf 95' lang='grc' dir='ltr'>Ῑ</span> <span class='ocrx_word' id='word_1_360' title='bbox 1537 1810 1549 1828; x_wconf 89' lang='grc'><em>,</em></span> 
     </span>
     <span class='ocr_line' id='line_1_64' title="bbox 914 1841 1218 1889; baseline -0.01 -13"><span class='ocrx_word' id='word_1_361' title='bbox 914 1842 1015 1889; x_wconf 87' lang='lat' dir='ltr'><strong>epist.</strong></span> <span class='ocrx_word' id='word_1_362' title='bbox 1030 1843 1063 1875; x_wconf 89' lang='lat'><strong>8.</strong></span> <span class='ocrx_word' id='word_1_363' title='bbox 1080 1841 1118 1875; x_wconf 94' lang='lat' dir='ltr'><strong>C.</strong></span> <span class='ocrx_word' id='word_1_364' title='bbox 1132 1850 1167 1875; x_wconf 88' lang='lat' dir='ltr'><strong>et</strong></span> <span class='ocrx_word' id='word_1_365' title='bbox 1179 1841 1218 1874; x_wconf 96' lang='lat' dir='ltr'><strong>P.</strong></span> 
     </span>
    </p>

    <p class='ocr_par' dir='ltr' id='par_1_22' title="bbox 908 1894 1571 2555">
     <span class='ocr_line' id='line_1_65' title="bbox 959 1894 1553 1939; baseline -0.005 -12"><span class='ocrx_word' id='word_1_366' title='bbox 959 1907 1017 1939; x_wconf 85' lang='lat'><strong>99.</strong></span> <span class='ocrx_word' id='word_1_367' title='bbox 1039 1897 1174 1927; x_wconf 81' lang='lat' dir='ltr'><strong>Gutture</strong></span> <span class='ocrx_word' id='word_1_368' title='bbox 1190 1895 1377 1937; x_wconf 78' lang='lat' dir='ltr'><strong>sulphureas</strong></span> <span class='ocrx_word' id='word_1_369' title='bbox 1392 1894 1477 1925; x_wconf 79' lang='lat' dir='ltr'><strong>lente</strong></span> <span class='ocrx_word' id='word_1_370' title='bbox 1493 1903 1553 1924; x_wconf 67' lang='lat' dir='ltr'><strong>ea:-</strong></span> 
     </span>
     <span class='ocr_line' id='line_1_66' title="bbox 914 1944 1553 1992; baseline -0.005 -13"><span class='ocrx_word' id='word_1_371' title='bbox 914 1949 1045 1979; x_wconf 75' lang='lat' dir='ltr'><strong>halante</strong></span> <span class='ocrx_word' id='word_1_372' title='bbox 1055 1946 1230 1992; x_wconf 68' lang='lat' dir='ltr'><strong>mephites]</strong></span> <span class='ocrx_word' id='word_1_373' title='bbox 1248 1945 1369 1979; x_wconf 89' lang='lat' dir='ltr'><strong>Senec.</strong></span> <span class='ocrx_word' id='word_1_374' title='bbox 1382 1945 1483 1991; x_wconf 87' lang='lat' dir='ltr'><strong>epist.</strong></span> <span class='ocrx_word' id='word_1_375' title='bbox 1497 1944 1553 1988; x_wconf 81' lang='grc'><strong>95.</strong></span> 
     </span>
     <span class='ocr_line' id='line_1_67' title="bbox 914 1999 1555 2043; baseline -0.006 -11"><span class='ocrx_word' id='word_1_376' title='bbox 914 2001 1017 2042; x_wconf 71' lang='lat' dir='ltr'><strong>Quam</strong></span> <span class='ocrx_word' id='word_1_377' title='bbox 1025 1999 1114 2043; x_wconf 80' lang='lat' dir='ltr'><strong>foedi</strong></span> <span class='ocrx_word' id='word_1_378' title='bbox 1132 2008 1231 2041; x_wconf 84' lang='lat' dir='ltr'><strong>atque</strong></span> <span class='ocrx_word' id='word_1_379' title='bbox 1248 2000 1430 2040; x_wconf 77' lang='lat' dir='ltr'><strong>pestilentes</strong></span> <span class='ocrx_word' id='word_1_380' title='bbox 1447 2006 1555 2029; x_wconf 79' lang='lat' dir='ltr'><strong>ructus</strong></span> 
     </span>
     <span class='ocr_line' id='line_1_68' title="bbox 911 2051 1555 2094; baseline -0.008 -9"><span class='ocrx_word' id='word_1_381' title='bbox 911 2057 1004 2085; x_wconf 76' lang='lat' dir='ltr'><strong>sant!</strong></span> <span class='ocrx_word' id='word_1_382' title='bbox 1020 2060 1176 2094; x_wconf 82' lang='lat' dir='ltr'><strong>quantum</strong></span> <span class='ocrx_word' id='word_1_383' title='bbox 1182 2051 1358 2093; x_wconf 77' lang='lat' dir='ltr'><strong>fastidium</strong></span> <span class='ocrx_word' id='word_1_384' title='bbox 1368 2051 1436 2088; x_wconf 79' lang='lat' dir='ltr'><strong>sui,</strong></span> <span class='ocrx_word' id='word_1_385' title='bbox 1452 2051 1555 2081; x_wconf 74' lang='lat' dir='ltr'><strong>exha-</strong></span> 
     </span>
     <span class='ocr_line' id='line_1_69' title="bbox 914 2103 1557 2146; baseline -0.008 -9"><span class='ocrx_word' id='word_1_386' title='bbox 914 2106 1051 2137; x_wconf 80' lang='lat' dir='ltr'><strong>lantibus</strong></span> <span class='ocrx_word' id='word_1_387' title='bbox 1075 2105 1242 2146; x_wconf 82' lang='lat' dir='ltr'><strong>crapulam</strong></span> <span class='ocrx_word' id='word_1_388' title='bbox 1266 2112 1407 2135; x_wconf 71' lang='lat' dir='ltr'><strong>veterem</strong></span> <span class='ocrx_word' id='word_1_389' title='bbox 1424 2106 1439 2133; x_wconf 87' lang='lat'><strong>.&#39;</strong></span> <span class='ocrx_word' id='word_1_390' title='bbox 1469 2103 1557 2133; x_wconf 79' lang='lat' dir='ltr'><strong>Scias</strong></span> 
     </span>
     <span class='ocr_line' id='line_1_70' title="bbox 908 2154 1556 2200; baseline -0.009 -11"><span class='ocrx_word' id='word_1_391' title='bbox 908 2166 1091 2200; x_wconf 59' lang='lat' dir='ltr'><strong>putrescere</strong></span> <span class='ocrx_word' id='word_1_392' title='bbox 1102 2165 1243 2198; x_wconf 63' lang='lat' dir='ltr'><strong>‘&#39;umpta’</strong></span> <span class='ocrx_word' id='word_1_393' title='bbox 1257 2168 1320 2186; x_wconf 77' lang='lat' dir='ltr'><strong>non</strong></span> <span class='ocrx_word' id='word_1_394' title='bbox 1333 2154 1499 2195; x_wconf 68' lang='lat' dir='ltr'><em>concoqui·</em></span> <span class='ocrx_word' id='word_1_395' title='bbox 1509 2172 1556 2177; x_wconf 89' lang='lat'><strong>—··</strong></span> 
     </span>
     <span class='ocr_line' id='line_1_71' title="bbox 915 2205 1558 2251; baseline -0.009 -9"><span class='ocrx_word' id='word_1_396' title='bbox 915 2210 1148 2251; x_wconf 75' lang='lat' dir='ltr'><strong>Sulphureas....</strong></span> <span class='ocrx_word' id='word_1_397' title='bbox 1168 2209 1331 2250; x_wconf 79' lang='lat' dir='ltr'><strong>mephites.</strong></span> <span class='ocrx_word' id='word_1_398' title='bbox 1351 2205 1473 2238; x_wconf 84' lang='lat' dir='ltr'><strong>Servio</strong></span> <span class='ocrx_word' id='word_1_399' title='bbox 1488 2207 1558 2236; x_wconf 80' lang='lat' dir='ltr'><strong>Me-</strong></span> 
     </span>
     <span class='ocr_line' id='line_1_72' title="bbox 915 2257 1560 2305; baseline -0.009 -11"><span class='ocrx_word' id='word_1_400' title='bbox 915 2263 1014 2305; x_wconf 80' lang='lat' dir='ltr'><strong>phitis</strong></span> <span class='ocrx_word' id='word_1_401' title='bbox 1025 2269 1078 2294; x_wconf 89' lang='lat' dir='ltr'><strong>est</strong></span> <span class='ocrx_word' id='word_1_402' title='bbox 1090 2261 1162 2293; x_wconf 83' lang='lat' dir='ltr'><strong>Dea</strong></span> <span class='ocrx_word' id='word_1_403' title='bbox 1181 2259 1327 2292; x_wconf 76' lang='lat' dir='ltr'><strong>foetoris.</strong></span> <span class='ocrx_word' id='word_1_404' title='bbox 1343 2257 1493 2302; x_wconf 82' lang='lat' dir='ltr'><strong>Proprie</strong></span> <span class='ocrx_word' id='word_1_405' title='bbox 1507 2263 1560 2289; x_wconf 85' lang='lat' dir='ltr'><strong>est</strong></span> 
     </span>
     <span class='ocr_line' id='line_1_73' title="bbox 919 2309 1571 2360; baseline -0.006 -12"><span class='ocrx_word' id='word_1_406' title='bbox 919 2323 1029 2360; x_wconf 89' lang='lat' dir='ltr'><strong>putor</strong></span> <span class='ocrx_word' id='word_1_407' title='bbox 1042 2313 1258 2359; x_wconf 88' lang='lat' dir='ltr'><strong>sulphureus</strong></span> <span class='ocrx_word' id='word_1_408' title='bbox 1272 2323 1291 2344; x_wconf 94' lang='lat' dir='ltr'><strong>e</strong></span> <span class='ocrx_word' id='word_1_409' title='bbox 1308 2310 1396 2343; x_wconf 90' lang='lat' dir='ltr'><strong>locis</strong></span> <span class='ocrx_word' id='word_1_410' title='bbox 1409 2309 1571 2354; x_wconf 85' lang='lat' dir='ltr'><strong>sulphu-.</strong></span> 
     </span>
     <span class='ocr_line' id='line_1_74' title="bbox 919 2362 1560 2409; baseline -0.009 -9"><span class='ocrx_word' id='word_1_411' title='bbox 919 2367 1026 2406; x_wconf 75' lang='lat' dir='ltr'><strong>ratis,</strong></span> <span class='ocrx_word' id='word_1_412' title='bbox 1044 2366 1100 2399; x_wconf 85' lang='lat' dir='ltr'><strong>vel</strong></span> <span class='ocrx_word' id='word_1_413' title='bbox 1123 2377 1165 2398; x_wconf 82' lang='lat' dir='ltr'><strong>ex</strong></span> <span class='ocrx_word' id='word_1_414' title='bbox 1185 2364 1285 2409; x_wconf 86' lang='lat' dir='ltr'><strong>aquis</strong></span> <span class='ocrx_word' id='word_1_415' title='bbox 1308 2362 1486 2407; x_wconf 90' lang='lat' dir='ltr'><strong>corruptis</strong></span> <span class='ocrx_word' id='word_1_416' title='bbox 1508 2373 1560 2395; x_wconf 86' lang='lat' dir='ltr'><strong>as-</strong></span> 
     </span>
     <span class='ocr_line' id='line_1_75' title="bbox 922 2413 1564 2461; baseline -0.009 -9"><span class='ocrx_word' id='word_1_417' title='bbox 922 2417 1090 2452; x_wconf 88' lang='lat' dir='ltr'><strong>cendens.</strong></span> <span class='ocrx_word' id='word_1_418' title='bbox 1110 2416 1176 2448; x_wconf 77' lang='lat' dir='ltr'><strong>Hic</strong></span> <span class='ocrx_word' id='word_1_419' title='bbox 1198 2415 1347 2461; x_wconf 86' lang='lat' dir='ltr'><strong>ponitur</strong></span> <span class='ocrx_word' id='word_1_420' title='bbox 1366 2426 1434 2460; x_wconf 87' lang='lat' dir='ltr'><strong>pro</strong></span> <span class='ocrx_word' id='word_1_421' title='bbox 1450 2413 1564 2447; x_wconf 83' lang='lat' dir='ltr'><strong>halitu</strong></span> 
     </span>
     <span class='ocr_line' id='line_1_76' title="bbox 924 2466 1569 2515; baseline -0.003 -12"><span class='ocrx_word' id='word_1_422' title='bbox 924 2469 1007 2515; x_wconf 84' lang='lat' dir='ltr'><strong>aegri</strong></span> <span class='ocrx_word' id='word_1_423' title='bbox 1024 2468 1249 2515; x_wconf 82' lang='lat' dir='ltr'><strong>graveolente</strong></span> <span class='ocrx_word' id='word_1_424' title='bbox 1266 2466 1502 2512; x_wconf 84' lang='lat' dir='ltr'><strong>proveniente</strong></span> <span class='ocrx_word' id='word_1_425' title='bbox 1518 2478 1569 2501; x_wconf 77' lang='lat' dir='ltr'><strong>ex</strong></span> 
     </span>
     <span class='ocr_line' id='line_1_77' title="bbox 924 2518 1354 2555; baseline -0.009 0"><span class='ocrx_word' id='word_1_426' title='bbox 924 2521 1096 2555; x_wconf 87' lang='lat' dir='ltr'><strong>stomachi</strong></span> <span class='ocrx_word' id='word_1_427' title='bbox 1115 2518 1299 2552; x_wconf 84' lang='lat' dir='ltr'><strong>cruditate.</strong></span> <span class='ocrx_word' id='word_1_428' title='bbox 1314 2518 1354 2552; x_wconf 93' lang='lat' dir='ltr'><strong>P.</strong></span> 
     </span>
    </p>

    <p class='ocr_par' dir='ltr' id='par_1_23' title="bbox 925 2568 1565 2664">
     <span class='ocr_line' id='line_1_78' title="bbox 974 2568 1564 2615; baseline -0.003 -11"><span class='ocrx_word' id='word_1_429' title='bbox 974 2582 1053 2604; x_wconf 82' lang='lat'><strong>100.</strong></span> <span class='ocrx_word' id='word_1_430' title='bbox 1070 2572 1133 2602; x_wconf 85' lang='lat' dir='ltr'><strong>Sed</strong></span> <span class='ocrx_word' id='word_1_431' title='bbox 1147 2569 1286 2615; x_wconf 61' lang='lat' dir='ltr'><strong>tremata]</strong></span> <span class='ocrx_word' id='word_1_432' title='bbox 1305 2581 1348 2602; x_wconf 88' lang='lat' dir='ltr'><strong>ex</strong></span> <span class='ocrx_word' id='word_1_433' title='bbox 1361 2568 1469 2602; x_wconf 80' lang='lat' dir='ltr'><strong>febris</strong></span> <span class='ocrx_word' id='word_1_434' title='bbox 1481 2568 1564 2603; x_wconf 88' lang='lat' dir='ltr'><strong>hor-</strong></span> 
     </span>
     <span class='ocr_line' id='line_1_79' title="bbox 925 2620 1565 2664; baseline -0.003 -8"><span class='ocrx_word' id='word_1_435' title='bbox 925 2634 1008 2659; x_wconf 85' lang='lat' dir='ltr'><strong>rore</strong></span> <span class='ocrx_word' id='word_1_436' title='bbox 1020 2646 1031 2664; x_wconf 90' lang='lat'><em>‚</em></span> <span class='ocrx_word' id='word_1_437' title='bbox 1051 2629 1087 2655; x_wconf 89' lang='lat' dir='ltr'><strong>et</strong></span> <span class='ocrx_word' id='word_1_438' title='bbox 1104 2634 1146 2655; x_wconf 84' lang='lat' dir='ltr'><strong>ex</strong></span> <span class='ocrx_word' id='word_1_439' title='bbox 1164 2621 1362 2655; x_wconf 83' lang='lat' dir='ltr'><strong>irritatione</strong></span> <span class='ocrx_word' id='word_1_440' title='bbox 1379 2620 1565 2654; x_wconf 85' lang='lat' dir='ltr'><strong>morbi.—</strong></span> 
     </span>
    </p>
   </div>
   <div class='ocr_carea' id='block_1_8' title="bbox 283 2720 1558 2765">
    <p class='ocr_par' dir='ltr' id='par_1_24' title="bbox 283 2720 1558 2765">
     <span class='ocr_line' id='line_1_80' title="bbox 283 2720 1558 2765; baseline -0.003 -8"><span class='ocrx_word' id='word_1_441' title='bbox 283 2725 327 2758; x_wconf 69' lang='grc' dir='ltr'><strong>Ὑ.</strong></span> <span class='ocrx_word' id='word_1_442' title='bbox 347 2735 419 2757; x_wconf 83' lang='grc' dir='ltr'>ιοο.</span> <span class='ocrx_word' id='word_1_443' title='bbox 438 2725 600 2759; x_wconf 80' lang='lat' dir='ltr'><strong>Triencem.</strong></span> <span class='ocrx_word' id='word_1_444' title='bbox 613 2727 664 2758; x_wconf 82' lang='lat' dir='ltr'><strong>Ita</strong></span> <span class='ocrx_word' id='word_1_445' title='bbox 683 2735 794 2758; x_wconf 85' lang='lat' dir='ltr'><strong>omnes</strong></span> <span class='ocrx_word' id='word_1_446' title='bbox 810 2722 903 2756; x_wconf 82' lang='lat' dir='ltr'><strong>codd.</strong></span> <span class='ocrx_word' id='word_1_447' title='bbox 917 2722 962 2755; x_wconf 82' lang='lat' dir='ltr'><strong>ita</strong></span> <span class='ocrx_word' id='word_1_448' title='bbox 976 2731 1109 2765; x_wconf 81' lang='lat' dir='ltr'><strong>quoque</strong></span> <span class='ocrx_word' id='word_1_449' title='bbox 1125 2731 1240 2753; x_wconf 79' lang='lat' dir='ltr'><strong>omnes</strong></span> <span class='ocrx_word' id='word_1_450' title='bbox 1254 2720 1415 2753; x_wconf 77' lang='lat' dir='ltr'><strong>editiones</strong></span> <span class='ocrx_word' id='word_1_451' title='bbox 1431 2720 1558 2765; x_wconf 64' lang='lat' dir='ltr'><strong>prisca».</strong></span> 
     </span>
    </p>
   </div>
  </div>
 </body>
</html>
