1846 3184
301 335 386 379 292
571 310 618 362 C.
655 318 916 362 LUCILII
950 321 1370 364 FRAGMENTA

902 404 941 440 X
952 405 987 441 V
997 405 1028 440 Ι.

349 465 468 513 Qubd
485 465 517 504 si
534 464 731 517 paulisper
746 475 921 517 captare,
938 476 1055 518 atque
1069 468 1271 506 observare
1289 469 1373 506 haec
1390 467 1570 507 volueris.

883 532 966 568 XV
975 533 994 567 I
1006 533 1037 568 Ι.

348 595 541 632 Caeterum
566 592 758 645 quicquid
782 593 832 631 sit
846 622 856 641 ‚
878 594 975 645 quid
1001 608 1081 633 non
1110 596 1180 643 sit,
1198 597 1279 635 fero
1307 610 1420 648 aequo
1449 597 1578 635 animo
1597 609 1643 635 ae

295 658 456 697 fortiter.

865 711 904 747 X
912 713 947 749 V
957 712 976 748 Ι
987 712 1006 748 Ῑ
1019 713 1051 749 Ι.

323 806 326 809 ,
348 774 467 823 Qubd
495 774 529 811 si·
552 773 732 812 observas
758 773 959 812 hominem
976 803 987 822 ‚
1019 776 1089 827 qui
1118 789 1190 827 pro
1218 778 1427 817 commodo
1457 786 1496 816 et
1525 792 1645 830 regno

294 839 470 893 gaudeat.

900 894 940 930 X
954 895 973 930 I
986 894 1038 931 X.

348 960 445 1005 Quae
462 956 609 1009 pietas?
626 957 914 1010 monogrammi
929 957 1105 1009 quinque
1119 957 1281 996 adducti
1293 958 1477 1010 pietatem
1489 969 1642 999 vocant.

310 1071 312 1073 ‚
919 1024 959 1060 X
972 1023 1023 1060 X.

347 1086 448 1126 etun
458 1101 593 1139 pacem
602 1096 709 1140 peto,
717 1086 809 1126 cum
822 1087 948 1140 placo,
958 1089 1049 1125 cum
1058 1087 1170 1134 adeo,
1182 1096 1221 1126 et
1232 1090 1323 1127 cum
1333 1089 1492 1141 appello
1503 1103 1641 1128 meam.

893 1154 934 1191 X
945 1154 984 1190 X
996 1155 1027 1189 Ι.

344 1218 491 1255 Tamen
509 1217 593 1256 aliti
606 1231 766 1257 verruca
776 1246 787 1264 ‚
806 1225 874 1255 aut
890 1217 1048 1255 cicatrix
1062 1217 1215 1255 medius
1230 1217 1386 1268 papillae
1406 1217 1606 1257 differunt.
1644 1227 1647 1229 ’

878 1283 919 1319 X
930 1283 969 1318 X
980 1284 998 1318 I
1013 1282 1044 1318 I.
1115 1330 1125 1339 ἢ

344 1346 546 1384 Mordicus
565 1355 697 1398 petere
717 1359 858 1384 aurum
885 1359 906 1384 e
932 1346 1088 1384 flamma
1105 1345 1310 1397 expediat,
1329 1360 1350 1385 e
1369 1360 1481 1386 coeno
1499 1347 1645 1386 cibum.

403 1404 405 1406 ’
856 1411 897 1447 x
910 1412 949 1448 x
961 1413 979 1447 1
990 1412 1010 1448 1
1022 1413 1053 1448 1.

346 1474 410 1512 Ad
428 1474 537 1526 quod
551 1475 727 1512 animum
743 1474 899 1512 induxit
917 1474 1060 1520 semel,
1082 1483 1121 1512 et
1138 1483 1183 1513 ut
1197 1475 1264 1514 ille
1284 1477 1444 1515 omnino
1460 1485 1583 1528 putat.

874 1541 915 1576 X
926 1540 965 1575 X
975 1540 995 1575 Ι
1004 1541 1051 1576 V.
1086 1543 1090 1546 ’

347 1604 448 1642 Cum
476 1603 555 1641 mei
581 1616 645 1641 me
667 1602 814 1641 adeunt
842 1602 1005 1648 servuli,
1029 1615 1110 1640 non
1138 1603 1337 1641 dominam
1361 1617 1433 1656 ego
1451 1605 1647 1656 appellem

293 1657 422 1715 meam
432 1668 449 1705 Ρ

901 1721 940 1757 X
952 1721 992 1758 X
1000 1722 1047 1758 V.

348 1788 534 1824 Insanum
550 1791 690 1823 vocant
704 1813 715 1831 ‚
735 1797 855 1836 quem
875 1784 1034 1822 maltam
1045 1812 1056 1831 ‚
1076 1797 1120 1822 ac
1136 1784 1323 1824 feminam
1340 1785 1419 1824 dici
1433 1786 1578 1824 vident.

553 1883 555 1885 a
874 1849 914 1886 X
926 1850 965 1886 X
973 1852 1008 1887 V
1017 1851 1048 1886 I.
1199 1892 1202 1894 .

347 1915 428 1952 Nec
447 1913 479 1950 si
497 1913 616 1964 paulo
636 1912 765 1951 minus
785 1925 940 1960 usuraS,
962 1921 1002 1951 et
1021 1926 1160 1966 magna
1173 1913 1370 1966 adjutatus
1388 1914 1469 1953 diu.

863 1979 903 2014 X
915 1979 953 2015 X
961 1980 996 2015 V
1006 1979 1025 2014 Ι
1038 1980 1070 2014 Ι.

350 2040 472 2079 Modo
492 2052 648 2078 sursum
662 2069 673 2087 ‚
691 2039 811 2078 modo
830 2040 1036 2088 deorsum,
1056 2049 1243 2093 tanquam
1263 2041 1389 2080 collus
1405 2042 1552 2081 cernui.

350 2190 406 2222 16.
426 2187 577 2220 Nonius:
595 2187 750 2228 Captum,
766 2196 891 2228 capere.
1049 2194 1102 2224 24.
1119 2187 1269 2219 Nonius:
1285 2189 1480 2231 Appellare,
1496 2197 1543 2221 est
1554 2189 1650 2222 fami-

350 2253 404 2282 17·
423 2241 574 2272 Nonius:
595 2241 708 2276 Fen-e,
723 2239 804 2281 pati.
998 2237 1124 2268 liariter
1141 2239 1353 2280 respondere.

350 2296 404 2326 18.
443 2293 574 2325 Nonius
593 2304 601 2323 ε
639 2292 809 2323 Observare
828 2314 839 2329 ,
868 2302 947 2334 cap·
1013 2296 1016 2300 ’
1048 2290 1102 2321 25.
1115 2291 1523 2324 Nonius:Ma1easveteres
1534 2293 1650 2325 molles

300 2344 392 2381 tare?
1002 2343 1158 2386 appellari
1169 2344 1369 2382 voluerunt,
1381 2355 1400 2376 n
1419 2347 1536 2377 Graeco
1554 2348 1649 2388 quasi

351 2410 404 2440 ¹9·
417 2398 566 2440 Nonius:
579 2396 667 2428 Vide
682 2406 796 2439 supra,
809 2395 868 2427 lib.
999 2396 1176 2442 μαλακοὺς.

349 2462 404 2484 20.
433 2451 567 2483 Nonius
581 2461 594 2482 ,-
630 2449 758 2489 Aditus,
787 2449 949 2492 interpel-
993 2474 996 2477 ,
1049 2450 1105 2481 26.
1123 2449 1275 2481 Nonius:
1290 2449 1486 2492 Adjutatur,
1506 2462 1569 2493 pro
1587 2452 1646 2484 ad·

300 2506 391 2538 latio.
1000 2503 1096 2546 jutat-

351 2569 407 2590 21.
425 2556 578 2590 Nonius:
598 2555 760 2599 Differre,
781 2555 910 2587 distare.
1053 2567 1108 2596 27.
1125 2556 1278 2588 Nonius:
1300 2556 1404 2588 Gallus
1413 2580 1424 2595 ,
1442 2557 1575 2589 maseul.
1590 2569 1647 2601 ge-

354 2621 410 2641 22.
430 2610 578 2642 Nonius:
597 2610 767 2640 Mordicus.
786 2605 789 2607 ³
1003 2609 1101 2640 neris.
1125 2609 1238 2640 Idem:
1259 2610 1399 2641 Cernuus
1419 2609 1545 2641 dicitnr
1567 2621 1646 2652 pro-

354 2663 407 2692 23.
422 2663 571 2695 Nonius:
585 2662 951 2710 Inducerfiinstituere,
1004 2663 1075 2706 prie
1092 2663 1287 2704 inclinatus,
1306 2663 1400 2706 quasi
1420 2663 1513 2708 quod
1530 2670 1649 2697 ten-am

306 2713 508 2746 confirmare.
1005 2722 1123 2749 cernat.
