<?xml version="1.0" encoding="UTF-8"?>
<!DOCTYPE html PUBLIC "-//W3C//DTD XHTML 1.0 Transitional//EN"
    "http://www.w3.org/TR/xhtml1/DTD/xhtml1-transitional.dtd">
<html xmlns="http://www.w3.org/1999/xhtml" xml:lang="en" lang="en">
 <head>
  <title>
</title>
<meta http-equiv="Content-Type" content="text/html;charset=utf-8" />
  <meta name='ocr-system' content='tesseract 3.04.00' />
  <meta name='ocr-capabilities' content='ocr_page ocr_carea ocr_par ocr_line ocrx_word'/>
</head>
<body>
  <div class='ocr_page' id='page_1' title='image "./satiraeadcodice00persuoft_0230.png"; bbox 0 0 1846 3184; ppageno 0'>
   <div class='ocr_carea' id='block_1_1' title="bbox 275 247 1326 309">
    <p class='ocr_par' dir='ltr' id='par_1_1' title="bbox 275 247 1326 309">
     <span class='ocr_line' id='line_1_1' title="bbox 275 247 1326 309; baseline -0.004 -15"><span class='ocrx_word' id='word_1_1' title='bbox 275 266 355 309; x_wconf 82' lang='lat'>190</span> <span class='ocrx_word' id='word_1_2' title='bbox 551 248 754 292; x_wconf 88' lang='lat' dir='ltr'>VETT.</span> <span class='ocrx_word' id='word_1_3' title='bbox 791 247 1326 291; x_wconf 86' lang='lat' dir='ltr'>COMMENTARII</span> 
     </span>
    </p>
   </div>
   <div class='ocr_carea' id='block_1_2' title="bbox 269 329 1625 646">
    <p class='ocr_par' dir='ltr' id='par_1_2' title="bbox 269 329 1625 646">
     <span class='ocr_line' id='line_1_2' title="bbox 321 329 1624 393; baseline -0.002 -22"><span class='ocrx_word' id='word_1_4' title='bbox 321 337 370 372; x_wconf 90' lang='lat' dir='ltr'>V.</span> <span class='ocrx_word' id='word_1_5' title='bbox 394 333 455 384; x_wconf 82' lang='lat'>59.</span> <span class='ocrx_word' id='word_1_6' title='bbox 478 334 735 383; x_wconf 80' lang='lat' dir='ltr'><em>Saturniaque</em></span> <span class='ocrx_word' id='word_1_7' title='bbox 752 334 909 383; x_wconf 65' lang='lat' dir='ltr'>impulit</span> <span class='ocrx_word' id='word_1_8' title='bbox 922 332 1038 393; x_wconf 59' lang='lat' dir='ltr'>aera]</span> <span class='ocrx_word' id='word_1_9' title='bbox 1054 334 1131 370; x_wconf 83' lang='lat' dir='ltr'>Aes</span> <span class='ocrx_word' id='word_1_10' title='bbox 1149 332 1189 369; x_wconf 92' lang='lat' dir='ltr'>in</span> <span class='ocrx_word' id='word_1_11' title='bbox 1207 331 1289 369; x_wconf 87' lang='lat' dir='ltr'>aede</span> <span class='ocrx_word' id='word_1_12' title='bbox 1309 329 1465 368; x_wconf 85' lang='lat' dir='ltr'><strong>Saturni</strong></span> <span class='ocrx_word' id='word_1_13' title='bbox 1480 329 1624 368; x_wconf 90' lang='lat' dir='ltr'>conde-</span> 
     </span>
     <span class='ocr_line' id='line_1_3' title="bbox 270 395 1624 449; baseline -0.004 -12"><span class='ocrx_word' id='word_1_14' title='bbox 270 400 404 444; x_wconf 85' lang='lat' dir='ltr'>batur,</span> <span class='ocrx_word' id='word_1_15' title='bbox 419 397 598 436; x_wconf 86' lang='lat' dir='ltr'>nondum</span> <span class='ocrx_word' id='word_1_16' title='bbox 613 406 772 449; x_wconf 85' lang='lat' dir='ltr'>argento</span> <span class='ocrx_word' id='word_1_17' title='bbox 787 410 962 449; x_wconf 89' lang='lat' dir='ltr'>auroque</span> <span class='ocrx_word' id='word_1_18' title='bbox 982 397 1151 448; x_wconf 86' lang='lat' dir='ltr'>signato:</span> <span class='ocrx_word' id='word_1_19' title='bbox 1168 396 1274 434; x_wconf 87' lang='lat' dir='ltr'>unde</span> <span class='ocrx_word' id='word_1_20' title='bbox 1288 395 1465 433; x_wconf 89' lang='lat' dir='ltr'>aerarium</span> <span class='ocrx_word' id='word_1_21' title='bbox 1477 407 1624 433; x_wconf 88' lang='lat' dir='ltr'>nomen</span> 
     </span>
     <span class='ocr_line' id='line_1_4' title="bbox 269 460 1625 514; baseline -0.003 -13"><span class='ocrx_word' id='word_1_22' title='bbox 269 464 429 514; x_wconf 86' lang='lat' dir='ltr'>accepit.</span> <span class='ocrx_word' id='word_1_23' title='bbox 447 463 537 501; x_wconf 86' lang='lat' dir='ltr'><strong>Fuit</strong></span> <span class='ocrx_word' id='word_1_24' title='bbox 554 471 684 500; x_wconf 78' lang='lat' dir='ltr'>amem</span> <span class='ocrx_word' id='word_1_25' title='bbox 703 463 796 500; x_wconf 89' lang='lat' dir='ltr'>assis</span> <span class='ocrx_word' id='word_1_26' title='bbox 814 462 963 500; x_wconf 85' lang='lat' dir='ltr'>libralis</span> <span class='ocrx_word' id='word_1_27' title='bbox 975 491 986 509; x_wconf 89' lang='lat'>,</span> <span class='ocrx_word' id='word_1_28' title='bbox 1008 470 1046 499; x_wconf 86' lang='lat' dir='ltr'>et</span> <span class='ocrx_word' id='word_1_29' title='bbox 1067 462 1279 513; x_wconf 88' lang='lat' dir='ltr'><strong>dipondius</strong></span> <span class='ocrx_word' id='word_1_30' title='bbox 1291 491 1302 508; x_wconf 82' lang='lat'>‚</span> <span class='ocrx_word' id='word_1_31' title='bbox 1320 460 1427 512; x_wconf 90' lang='lat' dir='ltr'>quod</span> <span class='ocrx_word' id='word_1_32' title='bbox 1446 460 1564 498; x_wconf 88' lang='lat' dir='ltr'>hodie</span> <span class='ocrx_word' id='word_1_33' title='bbox 1582 460 1625 497; x_wconf 89' lang='lat' dir='ltr'>in</span> 
     </span>
     <span class='ocr_line' id='line_1_5' title="bbox 270 524 1625 578; baseline -0.003 -12"><span class='ocrx_word' id='word_1_34' title='bbox 270 542 346 566; x_wconf 91' lang='lat' dir='ltr'>usu</span> <span class='ocrx_word' id='word_1_35' title='bbox 363 528 570 574; x_wconf 84' lang='lat' dir='ltr'>remansit3</span> <span class='ocrx_word' id='word_1_36' title='bbox 591 535 629 565; x_wconf 90' lang='lat' dir='ltr'>et</span> <span class='ocrx_word' id='word_1_37' title='bbox 647 527 795 565; x_wconf 89' lang='lat' dir='ltr'>solebat</span> <span class='ocrx_word' id='word_1_38' title='bbox 816 527 968 577; x_wconf 88' lang='lat' dir='ltr'>pensari</span> <span class='ocrx_word' id='word_1_39' title='bbox 986 526 1117 578; x_wconf 90' lang='lat' dir='ltr'>potius</span> <span class='ocrx_word' id='word_1_40' title='bbox 1136 524 1255 578; x_wconf 75' lang='lat' dir='ltr'>quam</span> <span class='ocrx_word' id='word_1_41' title='bbox 1276 525 1496 564; x_wconf 86' lang='lat' dir='ltr'>numerari:</span> <span class='ocrx_word' id='word_1_42' title='bbox 1516 524 1625 562; x_wconf 84' lang='lat' dir='ltr'>unde</span> 
     </span>
     <span class='ocr_line' id='line_1_6' title="bbox 270 591 1024 646; baseline -0.005 -14"><span class='ocrx_word' id='word_1_43' title='bbox 270 602 309 632; x_wconf 88' lang='lat' dir='ltr'>et</span> <span class='ocrx_word' id='word_1_44' title='bbox 327 593 612 646; x_wconf 85' lang='lat' dir='ltr'><strong>dispensatores</strong></span> <span class='ocrx_word' id='word_1_45' title='bbox 631 591 725 630; x_wconf 90' lang='lat' dir='ltr'>dicti</span> <span class='ocrx_word' id='word_1_46' title='bbox 743 599 1024 642; x_wconf 82' lang='lat' dir='ltr'>prorogatores.</span> 
     </span>
    </p>
   </div>
   <div class='ocr_carea' id='block_1_3' title="bbox 271 665 1625 846">
    <p class='ocr_par' dir='ltr' id='par_1_3' title="bbox 271 665 1625 846">
     <span class='ocr_line' id='line_1_7' title="bbox 324 665 1625 718; baseline -0.004 -11"><span class='ocrx_word' id='word_1_47' title='bbox 324 673 371 708; x_wconf 85' lang='lat' dir='ltr'>V.</span> <span class='ocrx_word' id='word_1_48' title='bbox 403 683 464 718; x_wconf 91' lang='lat'>70.</span> <span class='ocrx_word' id='word_1_49' title='bbox 494 671 665 705; x_wconf 83' lang='lat' dir='ltr'>Donatoe</span> <span class='ocrx_word' id='word_1_50' title='bbox 692 681 718 703; x_wconf 88' lang='lat' dir='ltr'>a</span> <span class='ocrx_word' id='word_1_51' title='bbox 744 668 895 716; x_wconf 77' lang='lat' dir='ltr'>virgine</span> <span class='ocrx_word' id='word_1_52' title='bbox 914 666 1098 718; x_wconf 54' lang='lat' dir='ltr'>puppam]</span> <span class='ocrx_word' id='word_1_53' title='bbox 1118 665 1303 704; x_wconf 89' lang='lat' dir='ltr'>Solebant</span> <span class='ocrx_word' id='word_1_54' title='bbox 1324 666 1514 717; x_wconf 79' lang='lat' dir='ltr'>virgineS‚</span> <span class='ocrx_word' id='word_1_55' title='bbox 1535 673 1625 703; x_wconf 88' lang='lat' dir='ltr'>ante</span> 
     </span>
     <span class='ocr_line' id='line_1_8' title="bbox 271 728 1623 785; baseline -0.002 -15"><span class='ocrx_word' id='word_1_56' title='bbox 271 731 391 785; x_wconf 72' lang='lat' dir='ltr'>quam</span> <span class='ocrx_word' id='word_1_57' title='bbox 409 732 625 778; x_wconf 84' lang='lat' dir='ltr'>nuberent,</span> <span class='ocrx_word' id='word_1_58' title='bbox 646 731 826 782; x_wconf 88' lang='lat' dir='ltr'>quaedam</span> <span class='ocrx_word' id='word_1_59' title='bbox 843 731 1074 782; x_wconf 84' lang='lat' dir='ltr'>virginitatis</span> <span class='ocrx_word' id='word_1_60' title='bbox 1098 728 1176 769; x_wconf 82' lang='lat' dir='ltr'>suae</span> <span class='ocrx_word' id='word_1_61' title='bbox 1200 731 1304 768; x_wconf 89' lang='lat' dir='ltr'>dona</span> <span class='ocrx_word' id='word_1_62' title='bbox 1320 731 1463 769; x_wconf 87' lang='lat' dir='ltr'>Veneri</span> <span class='ocrx_word' id='word_1_63' title='bbox 1482 742 1623 768; x_wconf 92' lang='lat' dir='ltr'>conse-</span> 
     </span>
     <span class='ocr_line' id='line_1_9' title="bbox 271 793 956 846; baseline -0.006 -10"><span class='ocrx_word' id='word_1_64' title='bbox 271 812 387 836; x_wconf 88' lang='lat' dir='ltr'>crare.</span> <span class='ocrx_word' id='word_1_65' title='bbox 406 799 491 834; x_wconf 90' lang='lat' dir='ltr'>Hoc</span> <span class='ocrx_word' id='word_1_66' title='bbox 505 793 547 833; x_wconf 69' lang='lat' dir='ltr'>&#39;et</span> <span class='ocrx_word' id='word_1_67' title='bbox 565 798 688 834; x_wconf 86' lang='lat' dir='ltr'>Varro</span> <span class='ocrx_word' id='word_1_68' title='bbox 706 795 840 833; x_wconf 88' lang='lat' dir='ltr'><strong>scribit</strong></span> <span class='ocrx_word' id='word_1_69' title='bbox 859 795 956 846; x_wconf 83' lang='lat'>(13).</span> 
     </span>
    </p>
   </div>
   <div class='ocr_carea' id='block_1_4' title="bbox 271 869 1628 1314">
    <p class='ocr_par' dir='ltr' id='par_1_4' title="bbox 271 869 1628 1314">
     <span class='ocr_line' id='line_1_10' title="bbox 321 869 1623 922; baseline -0.002 -12"><span class='ocrx_word' id='word_1_70' title='bbox 321 877 369 911; x_wconf 90' lang='lat' dir='ltr'>V.</span> <span class='ocrx_word' id='word_1_71' title='bbox 397 886 459 922; x_wconf 84' lang='lat'>72.</span> <span class='ocrx_word' id='word_1_72' title='bbox 482 875 667 909; x_wconf 70' lang='lat' dir='ltr'>BIessaloe</span> <span class='ocrx_word' id='word_1_73' title='bbox 693 869 802 921; x_wconf 60' lang='lat' dir='ltr'>lippit</span> <span class='ocrx_word' id='word_1_74' title='bbox 817 871 1030 922; x_wconf 66' lang='lat' dir='ltr'>propaga]</span> <span class='ocrx_word' id='word_1_75' title='bbox 1056 872 1209 910; x_wconf 88' lang='lat' dir='ltr'>Cottam</span> <span class='ocrx_word' id='word_1_76' title='bbox 1228 870 1480 914; x_wconf 84' lang='lat' dir='ltr'>Messalinum</span> <span class='ocrx_word' id='word_1_77' title='bbox 1504 870 1623 916; x_wconf 80' lang='lat' dir='ltr'>dicit,</span> 
     </span>
     <span class='ocr_line' id='line_1_11' title="bbox 271 935 1623 990; baseline -0.004 -14"><span class='ocrx_word' id='word_1_78' title='bbox 271 938 341 990; x_wconf 91' lang='lat' dir='ltr'>qui</span> <span class='ocrx_word' id='word_1_79' title='bbox 354 947 433 975; x_wconf 87' lang='lat' dir='ltr'>tam</span> <span class='ocrx_word' id='word_1_80' title='bbox 443 938 602 975; x_wconf 87' lang='lat' dir='ltr'>vitiosos</span> <span class='ocrx_word' id='word_1_81' title='bbox 622 937 759 974; x_wconf 91' lang='lat' dir='ltr'>oculos</span> <span class='ocrx_word' id='word_1_82' title='bbox 774 937 815 974; x_wconf 91' lang='lat' dir='ltr'>in</span> <span class='ocrx_word' id='word_1_83' title='bbox 830 944 1028 983; x_wconf 74' lang='lat' dir='ltr'>senectute</span> <span class='ocrx_word' id='word_1_84' title='bbox 1040 935 1178 973; x_wconf 88' lang='lat' dir='ltr'>habuit</span> <span class='ocrx_word' id='word_1_85' title='bbox 1189 965 1199 981; x_wconf 93' lang='lat'>‚</span> <span class='ocrx_word' id='word_1_86' title='bbox 1217 943 1262 972; x_wconf 90' lang='lat' dir='ltr'>ut</span> <span class='ocrx_word' id='word_1_87' title='bbox 1275 935 1469 986; x_wconf 83' lang='lat' dir='ltr'>palpebrae</span> <span class='ocrx_word' id='word_1_88' title='bbox 1485 936 1569 986; x_wconf 90' lang='lat' dir='ltr'>ejus</span> <span class='ocrx_word' id='word_1_89' title='bbox 1581 936 1623 972; x_wconf 87' lang='lat' dir='ltr'>in</span> 
     </span>
     <span class='ocr_line' id='line_1_12' title="bbox 271 999 1625 1054; baseline -0.004 -13"><span class='ocrx_word' id='word_1_90' title='bbox 271 1004 502 1041; x_wconf 83' lang='lat' dir='ltr'>exteriorem</span> <span class='ocrx_word' id='word_1_91' title='bbox 518 1003 601 1054; x_wconf 74' lang='lat'>(14)</span> <span class='ocrx_word' id='word_1_92' title='bbox 622 1010 772 1053; x_wconf 83' lang='lat' dir='ltr'>partem</span> <span class='ocrx_word' id='word_1_93' title='bbox 788 1009 1040 1039; x_wconf 89' lang='lat' dir='ltr'>verterentur.</span> <span class='ocrx_word' id='word_1_94' title='bbox 1060 1001 1134 1037; x_wconf 86' lang='lat' dir='ltr'>Hic</span> <span class='ocrx_word' id='word_1_95' title='bbox 1151 1000 1200 1037; x_wconf 87' lang='lat' dir='ltr'>ab</span> <span class='ocrx_word' id='word_1_96' title='bbox 1219 999 1382 1040; x_wconf 87' lang='lat' dir='ltr'>Aurelio</span> <span class='ocrx_word' id='word_1_97' title='bbox 1403 1001 1513 1037; x_wconf 76' lang='lat' dir='ltr'>Cotta</span> <span class='ocrx_word' id='word_1_98' title='bbox 1528 999 1625 1036; x_wconf 89' lang='lat' dir='ltr'>ado-</span> 
     </span>
     <span class='ocr_line' id='line_1_13' title="bbox 271 1063 1624 1120; baseline -0.004 -14"><span class='ocrx_word' id='word_1_99' title='bbox 271 1077 402 1120; x_wconf 88' lang='lat' dir='ltr'>ptatus</span> <span class='ocrx_word' id='word_1_100' title='bbox 419 1097 429 1114; x_wconf 91' lang='lat'>‚</span> <span class='ocrx_word' id='word_1_101' title='bbox 457 1067 643 1105; x_wconf 89' lang='lat' dir='ltr'>Aurelius</span> <span class='ocrx_word' id='word_1_102' title='bbox 678 1066 874 1104; x_wconf 88' lang='lat' dir='ltr'><strong>Maximus</strong></span> <span class='ocrx_word' id='word_1_103' title='bbox 904 1065 1113 1103; x_wconf 61' lang='lat' dir='ltr'>&gt;dicebatur</span> <span class='ocrx_word' id='word_1_104' title='bbox 1127 1094 1137 1111; x_wconf 92' lang='lat'>‚</span> <span class='ocrx_word' id='word_1_105' title='bbox 1170 1065 1360 1116; x_wconf 84' lang='lat' dir='ltr'>originem</span> <span class='ocrx_word' id='word_1_106' title='bbox 1389 1063 1544 1101; x_wconf 85' lang='lat' dir='ltr'>trahens</span> <span class='ocrx_word' id='word_1_107' title='bbox 1575 1064 1624 1101; x_wconf 85' lang='lat' dir='ltr'>ab</span> 
     </span>
     <span class='ocr_line' id='line_1_14' title="bbox 271 1126 1625 1186; baseline -0.004 -15"><span class='ocrx_word' id='word_1_108' title='bbox 271 1133 432 1171; x_wconf 89' lang='lat' dir='ltr'>Aurelio</span> <span class='ocrx_word' id='word_1_109' title='bbox 451 1131 637 1178; x_wconf 78' lang='lat' dir='ltr'>Messala,</span> <span class='ocrx_word' id='word_1_110' title='bbox 654 1132 728 1183; x_wconf 91' lang='lat' dir='ltr'>qui</span> <span class='ocrx_word' id='word_1_111' title='bbox 747 1131 888 1186; x_wconf 87' lang='lat' dir='ltr'>septies</span> <span class='ocrx_word' id='word_1_112' title='bbox 908 1131 983 1168; x_wconf 85' lang='lat' dir='ltr'>fuit</span> <span class='ocrx_word' id='word_1_113' title='bbox 1003 1129 1141 1167; x_wconf 88' lang='lat' dir='ltr'>consul</span> <span class='ocrx_word' id='word_1_114' title='bbox 1160 1144 1168 1166; x_wconf 75' lang='grc' dir='ltr'>ε</span> <span class='ocrx_word' id='word_1_115' title='bbox 1192 1129 1286 1180; x_wconf 86' lang='lat' dir='ltr'>qui,</span> <span class='ocrx_word' id='word_1_116' title='bbox 1305 1126 1396 1166; x_wconf 76' lang='lat' dir='ltr'>cum</span> <span class='ocrx_word' id='word_1_117' title='bbox 1413 1141 1434 1165; x_wconf 89' lang='lat' dir='ltr'>a</span> <span class='ocrx_word' id='word_1_118' title='bbox 1453 1127 1625 1179; x_wconf 88' lang='lat' dir='ltr'>quodam</span> 
     </span>
     <span class='ocr_line' id='line_1_15' title="bbox 273 1194 1628 1246; baseline -0.005 -11"><span class='ocrx_word' id='word_1_119' title='bbox 273 1197 387 1235; x_wconf 87' lang='lat' dir='ltr'>Gallo</span> <span class='ocrx_word' id='word_1_120' title='bbox 420 1197 470 1235; x_wconf 88' lang='lat' dir='ltr'>ad</span> <span class='ocrx_word' id='word_1_121' title='bbox 499 1195 811 1234; x_wconf 89' lang='lat' dir='ltr'>monomachiam</span> <span class='ocrx_word' id='word_1_122' title='bbox 846 1195 887 1232; x_wconf 91' lang='lat' dir='ltr'>in</span> <span class='ocrx_word' id='word_1_123' title='bbox 920 1194 1055 1246; x_wconf 88' lang='lat' dir='ltr'>praelio</span> <span class='ocrx_word' id='word_1_124' title='bbox 1082 1201 1285 1231; x_wconf 85' lang='lat' dir='ltr'>vocaretur</span> <span class='ocrx_word' id='word_1_125' title='bbox 1300 1221 1311 1239; x_wconf 92' lang='lat'><strong>‚</strong></span> <span class='ocrx_word' id='word_1_126' title='bbox 1340 1198 1480 1230; x_wconf 78' lang='lat' dir='ltr'>corvus</span> <span class='ocrx_word' id='word_1_127' title='bbox 1511 1202 1628 1243; x_wconf 88' lang='lat' dir='ltr'>super</span> 
     </span>
     <span class='ocr_line' id='line_1_16' title="bbox 272 1258 1624 1314; baseline -0.004 -14"><span class='ocrx_word' id='word_1_128' title='bbox 272 1262 420 1314; x_wconf 85' lang='lat' dir='ltr'>galeam</span> <span class='ocrx_word' id='word_1_129' title='bbox 436 1263 477 1299; x_wconf 90' lang='lat' dir='ltr'>in</span> <span class='ocrx_word' id='word_1_130' title='bbox 493 1262 617 1313; x_wconf 84' lang='lat' dir='ltr'>capite</span> <span class='ocrx_word' id='word_1_131' title='bbox 633 1263 717 1314; x_wconf 86' lang='lat' dir='ltr'>ejus</span> <span class='ocrx_word' id='word_1_132' title='bbox 734 1260 847 1306; x_wconf 89' lang='lat' dir='ltr'>sedit,</span> <span class='ocrx_word' id='word_1_133' title='bbox 861 1268 913 1307; x_wconf 88' lang='lat' dir='ltr'>et,</span> <span class='ocrx_word' id='word_1_134' title='bbox 927 1260 1029 1298; x_wconf 89' lang='lat' dir='ltr'>victo</span> <span class='ocrx_word' id='word_1_135' title='bbox 1043 1259 1168 1305; x_wconf 86' lang='lat' dir='ltr'>hoste,</span> <span class='ocrx_word' id='word_1_136' title='bbox 1180 1258 1369 1296; x_wconf 86' lang='lat' dir='ltr'>Corvinus</span> <span class='ocrx_word' id='word_1_137' title='bbox 1381 1265 1541 1296; x_wconf 88' lang='lat' dir='ltr'>vocatus</span> <span class='ocrx_word' id='word_1_138' title='bbox 1554 1264 1624 1294; x_wconf 85' lang='lat' dir='ltr'>est.</span> 
     </span>
    </p>
   </div>
   <div class='ocr_carea' id='block_1_5' title="bbox 824 1383 1077 1394">
    <p class='ocr_par' dir='ltr' id='par_1_5' title="bbox 824 1383 1077 1394">
     <span class='ocr_line' id='line_1_17' title="bbox 824 1383 1077 1394; baseline -0.004 0"><span class='ocrx_word' id='word_1_139' title='bbox 824 1383 1077 1394; x_wconf 65' lang='lat' dir='ltr'>mmmm</span> 
     </span>
    </p>
   </div>
   <div class='ocr_carea' id='block_1_6' title="bbox 597 1460 1304 1514">
    <p class='ocr_par' dir='ltr' id='par_1_6' title="bbox 597 1460 1304 1514">
     <span class='ocr_line' id='line_1_18' title="bbox 597 1460 1304 1514; baseline -0.004 -16"><span class='ocrx_word' id='word_1_140' title='bbox 597 1464 662 1499; x_wconf 91' lang='lat' dir='ltr'>IN</span> <span class='ocrx_word' id='word_1_141' title='bbox 701 1462 976 1500; x_wconf 84' lang='lat' dir='ltr'><strong>SATIRAM</strong></span> <span class='ocrx_word' id='word_1_142' title='bbox 1013 1460 1304 1514; x_wconf 30' lang='lat' dir='ltr'><strong>TERTIA-M.</strong></span> 
     </span>
    </p>
   </div>
   <div class='ocr_carea' id='block_1_7' title="bbox 774 1570 1125 1591">
    <p class='ocr_par' dir='ltr' id='par_1_7' title="bbox 774 1570 1125 1591">
     <span class='ocr_line' id='line_1_19' title="bbox 774 1570 1125 1591; baseline -0.006 0"><span class='ocrx_word' id='word_1_143' title='bbox 774 1571 821 1591; x_wconf 64' lang='lat'>111</span> <span class='ocrx_word' id='word_1_144' title='bbox 851 1570 1125 1591; x_wconf 72' lang='lat' dir='ltr'>D1331nlosos.</span> 
     </span>
    </p>
   </div>
   <div class='ocr_carea' id='block_1_8' title="bbox 273 1661 1631 2437">
    <p class='ocr_par' dir='ltr' id='par_1_8' title="bbox 274 1661 1627 1780">
     <span class='ocr_line' id='line_1_20' title="bbox 325 1661 1627 1715; baseline -0.004 -11"><span class='ocrx_word' id='word_1_145' title='bbox 325 1669 373 1704; x_wconf 88' lang='lat' dir='ltr'>V.</span> <span class='ocrx_word' id='word_1_146' title='bbox 400 1681 433 1704; x_wconf 86' lang='lat'>1.</span> <span class='ocrx_word' id='word_1_147' title='bbox 455 1668 608 1715; x_wconf 71' lang='lat' dir='ltr'>Nempe</span> <span class='ocrx_word' id='word_1_148' title='bbox 631 1665 704 1702; x_wconf 79' lang='lat' dir='ltr'>hoc</span> <span class='ocrx_word' id='word_1_149' title='bbox 729 1664 915 1715; x_wconf 62' lang='lat' dir='ltr'>assidua]</span> <span class='ocrx_word' id='word_1_150' title='bbox 940 1666 1050 1701; x_wconf 89' lang='lat' dir='ltr'>Hanc</span> <span class='ocrx_word' id='word_1_151' title='bbox 1079 1663 1232 1700; x_wconf 88' lang='lat' dir='ltr'>satiram</span> <span class='ocrx_word' id='word_1_152' title='bbox 1260 1665 1375 1715; x_wconf 69' lang='lat' dir='ltr'>poeta</span> <span class='ocrx_word' id='word_1_153' title='bbox 1396 1675 1443 1699; x_wconf 82' lang='lat' dir='ltr'>ex</span> <span class='ocrx_word' id='word_1_154' title='bbox 1468 1661 1627 1700; x_wconf 85' lang='lat' dir='ltr'>Lucillii</span> 
     </span>
     <span class='ocr_line' id='line_1_21' title="bbox 274 1727 1472 1780; baseline -0.003 -12"><span class='ocrx_word' id='word_1_155' title='bbox 274 1732 341 1770; x_wconf 86' lang='lat' dir='ltr'>lib.</span> <span class='ocrx_word' id='word_1_156' title='bbox 362 1734 417 1769; x_wconf 93' lang='lat' dir='ltr'>IV</span> <span class='ocrx_word' id='word_1_157' title='bbox 439 1730 636 1768; x_wconf 87' lang='lat' dir='ltr'>transtulit</span> <span class='ocrx_word' id='word_1_158' title='bbox 649 1758 660 1776; x_wconf 92' lang='lat'>‚</span> <span class='ocrx_word' id='word_1_159' title='bbox 680 1729 898 1780; x_wconf 82' lang='lat' dir='ltr'>castigantis</span> <span class='ocrx_word' id='word_1_160' title='bbox 917 1728 1084 1766; x_wconf 86' lang='lat' dir='ltr'>divitum</span> <span class='ocrx_word' id='word_1_161' title='bbox 1103 1727 1298 1765; x_wconf 74' lang='lat' dir='ltr'>luxuriam</span> <span class='ocrx_word' id='word_1_162' title='bbox 1316 1735 1355 1764; x_wconf 87' lang='lat' dir='ltr'>et</span> <span class='ocrx_word' id='word_1_163' title='bbox 1369 1727 1472 1764; x_wconf 83' lang='lat' dir='ltr'>vitia.</span> 
     </span>
    </p>

    <p class='ocr_par' dir='ltr' id='par_1_9' title="bbox 273 1797 1625 1917">
     <span class='ocr_line' id='line_1_22' title="bbox 326 1797 1625 1851; baseline -0.004 -12"><span class='ocrx_word' id='word_1_164' title='bbox 326 1805 373 1839; x_wconf 90' lang='lat' dir='ltr'>V.</span> <span class='ocrx_word' id='word_1_165' title='bbox 402 1816 461 1839; x_wconf 92' lang='lat'>10.</span> <span class='ocrx_word' id='word_1_166' title='bbox 484 1804 642 1839; x_wconf 83' lang='lat' dir='ltr'>Bicolor</span> <span class='ocrx_word' id='word_1_167' title='bbox 657 1800 914 1851; x_wconf 62' lang='lat' dir='ltr'>membrana]</span> <span class='ocrx_word' id='word_1_168' title='bbox 937 1799 1111 1845; x_wconf 87' lang='lat' dir='ltr'>Bicolor,</span> <span class='ocrx_word' id='word_1_169' title='bbox 1135 1798 1244 1850; x_wconf 78' lang='lat' dir='ltr'>quod</span> <span class='ocrx_word' id='word_1_170' title='bbox 1263 1811 1351 1850; x_wconf 88' lang='lat' dir='ltr'>pars</span> <span class='ocrx_word' id='word_1_171' title='bbox 1374 1797 1625 1848; x_wconf 82' lang='lat' dir='ltr'>crocea(15),</span> 
     </span>
     <span class='ocr_line' id='line_1_23' title="bbox 273 1865 1008 1917; baseline -0.005 -13"><span class='ocrx_word' id='word_1_172' title='bbox 273 1879 361 1917; x_wconf 88' lang='lat' dir='ltr'>pars</span> <span class='ocrx_word' id='word_1_173' title='bbox 379 1866 569 1917; x_wconf 83' lang='lat' dir='ltr'>glutinata</span> <span class='ocrx_word' id='word_1_174' title='bbox 588 1865 694 1916; x_wconf 86' lang='lat' dir='ltr'>apud</span> <span class='ocrx_word' id='word_1_175' title='bbox 713 1865 896 1916; x_wconf 87' lang='lat' dir='ltr'>antiq-uos</span> <span class='ocrx_word' id='word_1_176' title='bbox 915 1872 1008 1901; x_wconf 88' lang='lat' dir='ltr'>erat.</span> 
     </span>
    </p>

    <p class='ocr_par' dir='ltr' id='par_1_10' title="bbox 273 1932 1629 2103">
     <span class='ocr_line' id='line_1_24' title="bbox 324 1932 1626 1986; baseline -0.004 -12"><span class='ocrx_word' id='word_1_177' title='bbox 324 1939 373 1974; x_wconf 91' lang='lat' dir='ltr'>V.</span> <span class='ocrx_word' id='word_1_178' title='bbox 406 1937 465 1973; x_wconf 80' lang='lat'>13.</span> <span class='ocrx_word' id='word_1_179' title='bbox 492 1939 688 1972; x_wconf 81' lang='lat' dir='ltr'>Vanescat</span> <span class='ocrx_word' id='word_1_180' title='bbox 709 1935 850 1986; x_wconf 56' lang='lat' dir='ltr'>sepita]</span> <span class='ocrx_word' id='word_1_181' title='bbox 884 1935 1039 1986; x_wconf 88' lang='lat' dir='ltr'>Sepiam</span> <span class='ocrx_word' id='word_1_182' title='bbox 1067 1947 1138 1985; x_wconf 90' lang='lat' dir='ltr'>pro</span> <span class='ocrx_word' id='word_1_183' title='bbox 1165 1941 1403 1978; x_wconf 85' lang='lat' dir='ltr'>atramento,</span> <span class='ocrx_word' id='word_1_184' title='bbox 1423 1947 1445 1970; x_wconf 88' lang='lat' dir='ltr'>a</span> <span class='ocrx_word' id='word_1_185' title='bbox 1469 1932 1599 1970; x_wconf 87' lang='lat' dir='ltr'>colore</span> <span class='ocrx_word' id='word_1_186' title='bbox 1615 1960 1626 1978; x_wconf 86' lang='lat'><em>‚</em></span> 
     </span>
     <span class='ocr_line' id='line_1_25' title="bbox 275 1994 1629 2052; baseline -0.003 -15"><span class='ocrx_word' id='word_1_187' title='bbox 275 2001 428 2052; x_wconf 88' lang='lat' dir='ltr'>posuit:</span> <span class='ocrx_word' id='word_1_188' title='bbox 446 1999 625 2051; x_wconf 88' lang='lat' dir='ltr'>quamvis</span> <span class='ocrx_word' id='word_1_189' title='bbox 645 2012 725 2036; x_wconf 90' lang='lat' dir='ltr'>non</span> <span class='ocrx_word' id='word_1_190' title='bbox 745 2012 793 2036; x_wconf 85' lang='lat' dir='ltr'>ex</span> <span class='ocrx_word' id='word_1_191' title='bbox 815 2012 859 2036; x_wconf 89' lang='lat' dir='ltr'>ea</span> <span class='ocrx_word' id='word_1_192' title='bbox 879 2007 924 2036; x_wconf 92' lang='lat' dir='ltr'>ut</span> <span class='ocrx_word' id='word_1_193' title='bbox 941 1999 1025 2035; x_wconf 78' lang='lat' dir='ltr'>Afri</span> <span class='ocrx_word' id='word_1_194' title='bbox 1037 2026 1047 2044; x_wconf 93' lang='lat'><strong>‚</strong></span> <span class='ocrx_word' id='word_1_195' title='bbox 1068 1998 1137 2036; x_wconf 91' lang='lat' dir='ltr'>sed</span> <span class='ocrx_word' id='word_1_196' title='bbox 1156 2011 1202 2036; x_wconf 89' lang='lat' dir='ltr'>ex</span> <span class='ocrx_word' id='word_1_197' title='bbox 1222 1997 1385 2049; x_wconf 89' lang='lat' dir='ltr'>fuligine</span> <span class='ocrx_word' id='word_1_198' title='bbox 1398 1997 1481 2047; x_wconf 85' lang='lat'>(16)</span> <span class='ocrx_word' id='word_1_199' title='bbox 1501 1994 1629 2034; x_wconf 88' lang='lat' dir='ltr'>caeteri</span> 
     </span>
     <span class='ocr_line' id='line_1_26' title="bbox 273 2065 769 2103; baseline -0.006 -1"><span class='ocrx_word' id='word_1_200' title='bbox 273 2065 480 2103; x_wconf 86' lang='lat' dir='ltr'>conficiant</span> <span class='ocrx_word' id='word_1_201' title='bbox 497 2071 769 2101; x_wconf 86' lang='lat' dir='ltr'>atramentum.</span> 
     </span>
    </p>

    <p class='ocr_par' dir='ltr' id='par_1_11' title="bbox 276 2122 1631 2251">
     <span class='ocr_line' id='line_1_27' title="bbox 326 2122 1631 2184; baseline -0.005 -11"><span class='ocrx_word' id='word_1_202' title='bbox 326 2138 375 2173; x_wconf 92' lang='lat' dir='ltr'>V.</span> <span class='ocrx_word' id='word_1_203' title='bbox 409 2136 468 2172; x_wconf 88' lang='lat'>18.</span> <span class='ocrx_word' id='word_1_204' title='bbox 500 2133 699 2184; x_wconf 83' lang='lat' dir='ltr'>Lallare.]</span> <span class='ocrx_word' id='word_1_205' title='bbox 728 2132 908 2170; x_wconf 82' lang='lat' dir='ltr'>Nutrices</span> <span class='ocrx_word' id='word_1_206' title='bbox 938 2132 1173 2177; x_wconf 87' lang='lat' dir='ltr'>infantibus,</span> <span class='ocrx_word' id='word_1_207' title='bbox 1194 2140 1240 2168; x_wconf 91' lang='lat' dir='ltr'>ut</span> <span class='ocrx_word' id='word_1_208' title='bbox 1265 2131 1479 2177; x_wconf 89' lang='lat' dir='ltr'>dormiant,</span> <span class='ocrx_word' id='word_1_209' title='bbox 1505 2122 1631 2168; x_wconf 86' lang='lat' dir='ltr'>solent</span> 
     </span>
     <span class='ocr_line' id='line_1_28' title="bbox 276 2195 1416 2251; baseline -0.006 -13"><span class='ocrx_word' id='word_1_210' title='bbox 276 2201 405 2238; x_wconf 86' lang='lat' dir='ltr'>dicere</span> <span class='ocrx_word' id='word_1_211' title='bbox 427 2213 526 2251; x_wconf 87' lang='lat' dir='ltr'>saepe</span> <span class='ocrx_word' id='word_1_212' title='bbox 537 2227 547 2244; x_wconf 86' lang='lat'>‚</span> <span class='ocrx_word' id='word_1_213' title='bbox 568 2198 660 2235; x_wconf 85' lang='lat' dir='ltr'>lalla</span> <span class='ocrx_word' id='word_1_214' title='bbox 673 2226 684 2244; x_wconf 83' lang='lat'>‚</span> <span class='ocrx_word' id='word_1_215' title='bbox 702 2196 792 2234; x_wconf 91' lang='lat' dir='ltr'>lalla</span> <span class='ocrx_word' id='word_1_216' title='bbox 804 2225 814 2242; x_wconf 86' lang='lat'>‚</span> <span class='ocrx_word' id='word_1_217' title='bbox 832 2196 934 2233; x_wconf 87' lang='lat' dir='ltr'>lalla.</span> <span class='ocrx_word' id='word_1_218' title='bbox 953 2198 1035 2233; x_wconf 87' lang='lat' dir='ltr'>Aut</span> <span class='ocrx_word' id='word_1_219' title='bbox 1054 2195 1205 2241; x_wconf 81' lang='lat' dir='ltr'>dormi,</span> <span class='ocrx_word' id='word_1_220' title='bbox 1221 2204 1288 2232; x_wconf 90' lang='lat' dir='ltr'>aut</span> <span class='ocrx_word' id='word_1_221' title='bbox 1306 2195 1416 2233; x_wconf 89' lang='lat' dir='ltr'>lacte.</span> 
     </span>
    </p>

    <p class='ocr_par' dir='ltr' id='par_1_12' title="bbox 278 2265 1630 2387">
     <span class='ocr_line' id='line_1_29' title="bbox 327 2265 1630 2319; baseline -0.005 -11"><span class='ocrx_word' id='word_1_222' title='bbox 327 2273 376 2308; x_wconf 91' lang='lat' dir='ltr'>V.</span> <span class='ocrx_word' id='word_1_223' title='bbox 401 2284 464 2308; x_wconf 84' lang='lat'>21.</span> <span class='ocrx_word' id='word_1_224' title='bbox 489 2268 768 2319; x_wconf 50' lang='lat' dir='ltr'>Contemnere]</span> <span class='ocrx_word' id='word_1_225' title='bbox 788 2269 880 2305; x_wconf 87' lang='lat' dir='ltr'>Haec</span> <span class='ocrx_word' id='word_1_226' title='bbox 901 2266 951 2303; x_wconf 90' lang='lat' dir='ltr'>ab</span> <span class='ocrx_word' id='word_1_227' title='bbox 976 2267 1136 2304; x_wconf 89' lang='lat' dir='ltr'>Horatio</span> <span class='ocrx_word' id='word_1_228' title='bbox 1163 2266 1264 2304; x_wconf 86' lang='lat' dir='ltr'>male</span> <span class='ocrx_word' id='word_1_229' title='bbox 1286 2266 1467 2304; x_wconf 84' lang='lat' dir='ltr'>translata</span> <span class='ocrx_word' id='word_1_230' title='bbox 1488 2265 1630 2303; x_wconf 88' lang='lat' dir='ltr'>intem-</span> 
     </span>
     <span class='ocr_line' id='line_1_30' title="bbox 278 2338 584 2387; baseline -0.01 -12"><span class='ocrx_word' id='word_1_231' title='bbox 278 2338 451 2387; x_wconf 85' lang='lat' dir='ltr'>pestiva*</span> <span class='ocrx_word' id='word_1_232' title='bbox 470 2343 584 2373; x_wconf 89' lang='lat' dir='ltr'>sunt:</span> 
     </span>
    </p>

    <p class='ocr_par' dir='ltr' id='par_1_13' title="bbox 511 2396 1258 2437">
     <span class='ocr_line' id='line_1_31' title="bbox 511 2396 1258 2437; baseline -0.005 -5"><span class='ocrx_word' id='word_1_233' title='bbox 511 2422 846 2432; x_wconf 89' lang='grc'><strong>..........</strong></span> <span class='ocrx_word' id='word_1_234' title='bbox 874 2396 1258 2437; x_wconf 87' lang='lat' dir='ltr'>:......Quintu</span> 
     </span>
    </p>
   </div>
   <div class='ocr_carea' id='block_1_9' title="bbox 512 2450 1243 2539">
    <p class='ocr_par' dir='ltr' id='par_1_14' title="bbox 512 2450 1243 2539">
     <span class='ocr_line' id='line_1_32' title="bbox 512 2450 1243 2496; baseline -0.007 -11"><span class='ocrx_word' id='word_1_235' title='bbox 512 2454 679 2486; x_wconf 86' lang='lat' dir='ltr'>Invidiam</span> <span class='ocrx_word' id='word_1_236' title='bbox 697 2453 827 2496; x_wconf 85' lang='lat' dir='ltr'>placare</span> <span class='ocrx_word' id='word_1_237' title='bbox 844 2462 954 2494; x_wconf 84' lang='lat' dir='ltr'>paras,</span> <span class='ocrx_word' id='word_1_238' title='bbox 970 2451 1091 2482; x_wconf 79' lang='lat' dir='ltr'>virtute</span> <span class='ocrx_word' id='word_1_239' title='bbox 1109 2450 1218 2481; x_wconf 61' lang='lat' dir='ltr'>relicta</span> <span class='ocrx_word' id='word_1_240' title='bbox 1229 2451 1243 2480; x_wconf 77' lang='lat'>.²</span> 
     </span>
     <span class='ocr_line' id='line_1_33' title="bbox 513 2505 866 2539; baseline -0.008 0"><span class='ocrx_word' id='word_1_241' title='bbox 513 2505 736 2539; x_wconf 68' lang='lat' dir='ltr'>Contemnere</span> <span class='ocrx_word' id='word_1_242' title='bbox 754 2505 866 2536; x_wconf 86' lang='lat' dir='ltr'>miser.</span> 
     </span>
    </p>
   </div>
   <div class='ocr_carea' id='block_1_10' title="bbox 330 2574 859 2627">
    <p class='ocr_par' dir='ltr' id='par_1_15' title="bbox 330 2574 859 2627">
     <span class='ocr_line' id='line_1_34' title="bbox 330 2574 859 2627; baseline -0.006 -14"><span class='ocrx_word' id='word_1_243' title='bbox 330 2577 389 2615; x_wconf 91' lang='lat' dir='ltr'>Ib.</span> <span class='ocrx_word' id='word_1_244' title='bbox 411 2575 559 2627; x_wconf 87' lang='lat' dir='ltr'>Sonat.]</span> <span class='ocrx_word' id='word_1_245' title='bbox 578 2578 632 2614; x_wconf 82' lang='lat' dir='ltr'>Ut</span> <span class='ocrx_word' id='word_1_246' title='bbox 649 2574 834 2626; x_wconf 84' lang='lat' dir='ltr'>Virgilius</span> <span class='ocrx_word' id='word_1_247' title='bbox 850 2588 859 2610; x_wconf 91' lang='lat'><strong>:</strong></span> 
     </span>
    </p>
   </div>
   <div class='ocr_carea' id='block_1_11' title="bbox 511 2652 992 2685">
    <p class='ocr_par' dir='ltr' id='par_1_16' title="bbox 511 2652 992 2685">
     <span class='ocr_line' id='line_1_35' title="bbox 511 2652 992 2685; baseline 0 -2"><span class='ocrx_word' id='word_1_248' title='bbox 511 2655 579 2685; x_wconf 69' lang='lat' dir='ltr'>Nec</span> <span class='ocrx_word' id='word_1_249' title='bbox 606 2665 673 2685; x_wconf 80' lang='lat' dir='ltr'>vox</span> <span class='ocrx_word' id='word_1_250' title='bbox 694 2652 867 2684; x_wconf 86' lang='lat' dir='ltr'>hominem</span> <span class='ocrx_word' id='word_1_251' title='bbox 888 2658 992 2684; x_wconf 86' lang='lat' dir='ltr'>sonat.</span> 
     </span>
    </p>
   </div>
  </div>
 </body>
</html>
