1846 3184
621 314 623 316 ¹
671 334 969 391 ‘sums
1008 348 1064 392 v.
1483 357 1564 411 ¹49

281 431 425 485 Varof'
439 433 702 488 regustatum
725 429 869 489 digito·
884 429 1098 472 terebrare
1117 430 1301 473 salinum

281 509 517 550 Contentus
533 521 708 566 perages
720 538 731 560 ,
750 507 787 549 si
803 507 947 566 tri-vere
966 523 1066 549 cum
1084 507 1188 550 Jove
1204 507 1357 549 tendis.
1402 517 1414 528 “

277 583 372 624 Jam
381 597 489 641 puer
500 583 536 625 is
545 614 558 636 ‚
569 582 726 640 pellem
737 583 995 636 succinctus,
1008 594 1051 624 et
1063 582 1352 645 oenophorum
1364 593 1480 642 aptas
1497 601 1511 624 1
1519 595 1563 632 4ο

279 658 410 701 Ocius
427 659 482 701 ad
500 674 676 706 nauem:
696 659 759 701 nil
776 660 918 702 obstat
929 691 941 712 ,
958 660 1066 718 quin
1086 660 1207 702 trabe
1221 660 1336 702 vasta

280 734 471 793 Aegeum
489 726 627 793 rapias
642 766 655 788 ‚
671 735 753 777 nisi
770 735 902 778 solers
918 736 1088 778 luxuria
1103 747 1203 778 ante

238 853 247 861 ’
269 862 347 897 138.
369 865 476 901 Varo,
492 862 565 908 eta]
587 862 718 896 Sensus
739 871 812 896 est:
832 863 864 896 Ο

219 914 346 949 stulte!
362 915 392 949 si
403 915 571 962 pietatem
584 927 686 949 curas
699 917 867 962 (respon-

219 966 282 1002 det
311 967 454 1004 avaritia
472 969 486 1012 )
520 968 744 1014 permanebis
776 967 865 1002 adeo

218 1032 378 1067 pauper,
395 1029 437 1054 ut
454 1021 548 1054 hene
566 1029 686 1054 tecum
704 1021 759 1067 agi
774 1021 865 1055 exis·

217 1073 407 1107 nimaturus
416 1073 463 1107 sis
473 1073 516 1114 si,
525 1074 758 1120 pulmentarii
770 1074 863 1116 loco,

217 1126 325 1160 salem
343 1139 426 1161 cum
443 1139 535 1173 pane
553 1127 701 1161 habeas:
717 1127 781 1174 qui
795 1127 864 1161 fuit

215 1179 338 1214 victus
370 1179 683 1226 pauperrimorum
715 1179 864 1227 hujusce

219 1232 342 1267 atatis.
353 1253 401 1259 —
410 1235 509 1266 Vam.
519 1234 606 1267 Vet.
620 1233 732 1267 schol.
751 1249 765 1263 ι
777 1233 864 1267 Lin-

221 1301 236 1315 ·
259 1287 329 1332 gui
350 1285 538 1320 Gallorum
561 1288 714 1325 barones,
728 1286 784 1320 vel
797 1299 865 1319 va-

220 1354 235 1367 ·
250 1351 344 1372 mnes
371 1337 546 1372 dicuntur
568 1338 660 1373 servi
684 1339 863 1382 militum,

221 1407 236 1421 ι
252 1389 317 1438 qui
350 1391 481 1438 utique
512 1391 712 1426 stultissimi
744 1401 830 1426 sunt
848 1417 860 1435 ‚

220 1461 236 1475 ι
251 1444 344 1478 servi
359 1443 526 1479 videlicet
547 1445 752 1480 stultorum.
766 1461 780 1475 ι
798 1445 862 1479 Est

216 1496 330 1544 igitur
341 1499 428 1532 varo
439 1497 535 1532 idem
548 1510 588 1531 ae
605 1497 738 1532 hardus
750 1506 786 1532 et
800 1510 862 1533 ve·

217 1552 487 1594 cors.—Digito
506 1553 678 1583 terebrare.
691 1550 770 1585 Hoc
788 1563 862 1585 em·

216 1602 359 1649 phatice
377 1602 536 1646 dictum3
556 1616 624 1650 pro
647 1603 761 1650 digito
780 1617 863 1651 pre-

216 1667 316 1689 mere
324 1655 496 1698 salinum,
508 1656 558 1690 ita
570 1665 613 1691 ut
620 1655 802 1703 perforare
811 1656 863 1692 vi-

218 1707 354 1743 deatur.
372 1709 414 1744 C.

267 1773 284 1794 ι
290 1760 346 1806 39.
354 1763 688 1806 ὣηιειιτιιψοναςεε]
696 1761 864 1796 Graecum

218 1822 272 1848 est
287 1811 423 1855 διάξεις,
449 1828 517 1861 pro
543 1813 666 1856 διάξεις
685 1817 740 1849 τὸν
769 1817 862 1858 βίονε

219 1865 394 1911 quamdin
406 1866 521 1907 vives,
536 1879 676 1912 semper
693 1866 761 1900 eris
778 1879 866 1912 pau-

220 1916 306 1964 per',
322 1920 350 1950 si
370 1921 481 1951 vivere
502 1932 575 1951 cum
598 1922 673 1951 Jove
696 1920 817 1958 tendis,
834 1919 865 1952 si

219 1971 315 2005 bont
328 1972 542 2006 conscientia
555 1979 592 2006 et
603 1984 748 2006 morum
762 1984 863 2006 sanc-

219 2025 323 2059 titate
330 2049 343 2067 ‚
357 2026 381 2059 J
381 2037 484 2060 ovem
495 2025 626 2059 habere
636 2025 818 2071 placatum
828 2033 864 2059 et

219 2079 376 2113 amicum
393 2078 565 2114 intendis.
582 2080 621 2114 Εἰ
636 2078 763 2127 ἀρέσκει
780 2092 830 2113 σοι
846 2081 862 2113 ὁ

219 2131 309 2166 aar&
323 2132 404 2167 Θεὸν
421 2132 503 2174 βίος.
524 2131 567 2166 C.

270 2186 438 2226 14o.‘1am
449 2196 537 2228 puer
553 2186 599 2224 is,
608 2183 728 2228 pellem
740 2186 864 2218 succin-

918 865 1008 907 ctus.]
1035 863 1114 896 Jam
1126 888 1138 904 ,
1156 863 1276 910 inquit
1299 867 1407 911 poeta
1423 888 1435 906 ‚
1455 876 1562 908 puer,

918 915 954 950 id
970 924 1022 950 est
1032 941 1043 958 ‚
1060 928 1184 951 servus
1198 917 1353 952 avaritia
1364 942 1376 959 ,
1391 920 1417 950 is
1425 942 1436 957 ,
1443 920 1563 961 pellem.

916 971 1110 1009 succinctus,
1124 969 1301 1004 accinctus
1313 969 1359 1004 ad
1373 966 1442 1005 iter
1453 971 1565 1005 susci-

917 1021 1103 1068 piendum,
1112 1032 1145 1055 et
1153 1032 1247 1066 aptas
1257 1024 1563 1066 oenophorum,.sar-

917 1075 1014 1109 cinas
1034 1101 1046 1118 ‚
1069 1088 1187 1110 saccos
1202 1101 1214 1118 ‚
1236 1089 1316 1111 vasa
1338 1076 1473 1111 vinaria
1488 1103 1499 1120 ,
1525 1084 1565 1111 et

916 1128 983 1163 alia
994 1129 1185 1163 necessaria
1194 1130 1470 1176 peregrinationi
1483 1130 1564 1164 lon-

916 1181 1058 1228 ginquae
1070 1194 1183 1229 paras,
1193 1191 1228 1217 et
1237 1181 1282 1216 ad
1293 1195 1420 1217 navem
1429 1191 1565 1229 portas.

915 1234 985 1268 Alii
999 1234 1142 1281 legunt:
1151 1238 1226 1280 jam
1232 1238 1344 1279 pueris
1349 1238 1480 1279 pellem,
1489 1249 1563 1269 suc-

915 1297 1048 1326 emceus,
1059 1297 1092 1321 et
1098 1289 1263 1332 oenoplwr.
1275 1298 1388 1332 aptas,
1402 1296 1438 1322 et
1449 1289 1563 1335 expli-

917 1348 999 1373 cant
1008 1340 1097 1385 :jam
1110 1349 1255 1386 paratus
1267 1339 1313 1374 ad
1323 1341 1394 1374 iter
1404 1341 1564 1388 imponis

912 1391 1036 1438 pueris
1050 1392 1121 1426 tuis
1137 1394 1277 1436 pellem,
1297 1393 1451 1427 sarcinas
1463 1418 1474 1434 ‚
1492 1405 1564 1427 sac·

915 1457 996 1487 eos,
1020 1445 1058 1479 in
1077 1445 1210 1492 quibus
1233 1458 1290 1480 res
1309 1455 1562 1492 reponuntur,

914 1507 948 1530 et
956 1499 1175 1542 omophorum.
1192 1498 1297 1532 Prior
1310 1499 1561 1545 interpretatio

914 1550 1019 1584 nobis
1036 1550 1154 1597 aptior
1167 1551 1240 1585 visa
1262 1559 1324 1584 est.
1335 1570 1381 1577 -—
1391 1553 1563 1594 Oenoplzo-

915 1617 1000 1636 rum.
1011 1605 1098 1638 Vox
1109 1602 1232 1637 Graeca
1250 1607 1330 1644 οἶνος
1338 1630 1349 1646 ,
1361 1605 1504 1642 vinum,
1525 1613 1562 1639 et

916 1659 1135 1704 pe'pubporto-
1142 1657 1213 1691 Vas
1221 1657 1414 1690 vinarium.
1423 1657 1463 1690 P.
1476 1665 1510 1691 et
1517 1658 1561 1692 A.

966 1714 1045 1751 141.
1066 1710 1151 1751 Quin
1170 1711 1263 1741 trabe
1284 1709 1401 1752 ῷΡι-ἱᾶ
1420 1712 1568 1754 Aegeum.

916 1764 1050 1805 rapiam]
1068 1760 1205 1808 Rapide
1226 1774 1322 1796 mare
1333 1763 1492 1808 Aegeum
1507 1773 1563 1796 se-

917 1827 985 1849 ces.
1002 1814 1128 1848 Horat.
1147 1814 1212 1848 lib.
1233 1815 1275 1858 1,
1294 1814 1356 1849 od.
1376 1827 1391 1849 1
1408 1827 1418 1847 ε

919 1892 1289 1902 ............
1307 1871 1412 1901 Trabe
1428 1871 1548 1912 Cyprii.

915 1920 1073 1959 Myrtoum
1082 1918 1212 1959 pavidus
1223 1925 1316 1952 nauta
1325 1925 1407 1949 secet
1416 1929 1512 1949 mare.

966 1979 1046 2010 142.
1073 1972 1146 2005 Nisi
1167 1973 1266 2004 solers
1293 1973 1429 2004 luxuria
1454 1973 1562 2015 antes]

915 2022 1121 2058 Introducit
1138 2026 1246 2069 poeta
1264 2023 1444 2056 luxuriam
1455 2048 1466 2064 ‚
1480 2035 1563 2069 quae

913 2077 1137 2124 mancipium
1154 2089 1260 2111 suum
1277 2084 1317 2110 et
1332 2089 1476 2125 servum
1491 2076 1563 2109 sibi

914 2139 1129 2176 pereuntem
1153 2138 1190 2164 et
1209 2130 1369 2176 elapsum
1394 2141 1488 2175 pene
1506 2128 1563 2162 vi-

915 2182 1003 2218 dens
1013 2209 1024 2226 ,
1038 2195 1122 2218 eum
1135 2184 1291 2218 retinere
1309 2184 1563 2216 tentat.—Lu-

263 2303 310 2334 V.
328 2303 404 2334 138.
424 2303 521 2333 Varo.
540 2304 590 2334 Ita
614 2299 728 2334 omnes
744 2302 840 2334 codd.
852 2309 970 2345 praeter
984 2302 1117 2333 Thuan.
1135 2298 1176 2332 n⁰
1191 2302 1305 2341 6984,
1321 2306 1388 2330 vet.
1410 2298 1515 2330 schol.
1529 2305 1563 2330 et

218 2353 260 2387 12⁰
282 2355 390 2394 8050,
410 2357 471 2398 qui
490 2356 615 2387 habent
637 2357 729 2388 baro.
752 2358 799 2388 At
817 2367 935 2398 parum
956 2355 1056 2386 distat
1077 2356 1167 2385 inter
1191 2354 1270 2383 baro
1292 2359 1326 2382 et
1348 2363 1436 2382 varo
1449 2362 1461 2381 .·
1482 2350 1560 2382 cum

218 2410 333 2441 litterae
343 2420 371 2440 v
385 2416 417 2440 et
431 2409 451 2440 b
461 2420 545 2452 saepe
562 2410 599 2440 in
614 2409 889 2452 pronuntiatione
902 2407 1151 2439 confundantur
1160 2428 1169 2443 ,
1183 2412 1222 2436 ut
1237 2404 1276 2435 fit
1291 2405 1346 2435 vel
1358 2405 1459 2436 hodie
1470 2404 1563 2447 apud

220 2464 383 2493 Vascones
399 2469 432 2493 et
448 2462 624 2505 Hispanos.
635 2464 711 2493 Vct.
728 2462 881 2492 scholion
899 2460 1024 2491 codicis
1046 2460 1134 2490 8050
1155 2465 1224 2488 est:
1237 2469 1380 2489 ναι-οπως
1395 2465 1471 2489 sunt
1481 2458 1564 2489 servi

224 2513 358 2545 militum
365 2537 376 2551 ‚
390 2515 450 2556 qui
462 2522 537 2545 sune
545 2514 648 2544 valde
664 2513 761 2544 stulti.

267 2584 309 2613 V.
328 2584 403 2623 139.
418 2583 597 2614 Contentus.
609 2581 713 2614 Codd.
727 2581 856 2612 Pithoei
870 2582 902 2618 Ι,
920 2580 1008 2611 8050
1018 2602 1027 2617 ,
1045 2579 1153 2618 8273,
1166 2585 1199 2610 et
1210 2586 1340 2618 noster,
1353 2587 1557 2622 contempnas.

268 2652 311 2681 V.
333 2663 345 2681 1
354 2657 407 2688 4⁰·
419 2653 492 2683 lam
499 2664 584 2694 puer
599 2652 634 2683 is.
649 2651 792 2682 Restitm'
809 2650 895 2681 hanc
915 2650 1090 2680 lectionem
1102 2660 1146 2679 ex
1157 2649 1315 2681 omnibus
1329 2649 1426 2682 codd.
1438 2650 1558 2685 nostris

224 2709 258 2732 et
275 2709 338 2733 vet.
358 2703 460 2734 schol.
479 2712 592 2735 contra
610 2703 748 2736 Casaub.
768 2702 849 2734 Cod.
868 2701 1014 2733 Colbert.
1035 2703 1104 2739 111,
1112 2701 1244 2742 pueris,
1258 2710 1292 2734 et
1303 2709 1370 2735 vet.
1392 2701 1469 2735 edit.
1487 2703 1558 2734 Bri-

225 2755 360 2787 taunici.
373 2756 474 2788 Error
483 2756 588 2789 facilis
601 2757 666 2789 fuit
682 2757 720 2788 in
731 2756 785 2788 his
797 2754 991 2788 nominihus
1003 2753 1195 2786 scribendis.
