1846 3184
320 293 323 296 ,
364 273 444 324 124

710 273 764 314 A.
800 271 1046 315 PERSII
1087 272 1346 317 FLACCI

413 353 620 412 Apposita
641 353 823 396 intortos
849 355 1041 397 extendit
1064 357 1208 414 regula
1231 370 1398 409 mores3

414 426 468 471 Et
485 430 693 488 premitur
712 431 874 472 ratione
892 432 1059 473 animus
1073 463 1085 484 ‚
1103 432 1304 490 vincique
1320 431 1485 473 laborat
1499 463 1513 485 ‚

413 505 718 563 Artificemque
736 517 811 548 tuo
831 506 950 548 ducit
968 507 1049 550 sub
1067 508 1223 566 pollice
1241 508 1421 550 vultum.
1651 519 1697 556 40

355 642 452 677 mine
472 643 700 689 intelligunt,
721 656 748 690 a*
766 643 909 677 Socrate
933 652 997 678 est.

354 698 483 744 Itaque
499 709 622 731 omnes
639 697 706 730 illae
722 701 776 731 τοῦ
792 698 900 733 ἠθικςῦ
917 699 1000 744 αἱρέ-

357 764 421 789 σεις
434 774 444 791 ,
469 750 592 783 ethica:
619 749 864 784 institutiones
893 763 912 784 a
938 751 1000 784 So-

355 809 449 835 crate
472 801 646 847 originem
666 809 701 834 et
724 813 916 835 commune
933 815 999 835 no-

355 866 438 887 men
451 862 667 887 sunt-nactae.
677 854 797 895 Quare
809 855 1000 888 socraticus

354 908 452 948 sinus
469 916 520 941 est
535 907 713 942 institutio
730 908 767 941 in
784 908 907 941 morali
920 909 1000 954 phi-

353 961 528 1007 losophia.
540 962 583 995 C.
592 961 679 994 —T
678 974 740 993 unc
746 986 757 1000 ,
761 962 883 1005 fallere
893 963 1000 1001 solers,

353 1024 412 1048 etc.
428 1015 528 1049 Ordo
544 1023 594 1048 est
608 1028 616 1048 :
632 1023 718 1048 tunc
737 1015 876 1061 regula,
892 1015 1000 1048 solers

344 1069 485 1112 fallere,
501 1068 706 1102 demulcere
724 1070 827 1113 (me)
841 1068 1001 1114 apposita

354 1121 540 1165 (moribus
566 1121 676 1166 meis)
700 1120 864 1155 extendit
885 1133 1000 1154 mores

355 1186 452 1207 meos
474 1174 626 1207 intortos
648 1187 659 1217 3
685 1183 720 1208 et
745 1186 889 1208 sensus:
912 1183 1000 1208 tunc

355 1225 542 1272 disciplina
558 1235 617 1260 tua
631 1251 642 1268 ‚
657 1229 727 1273 qua
741 1239 798 1260 me
811 1226 972 1263 imbuisti
986 1250 997 1268 ‚

357 1278 487 1314 direxit
504 1293 631 1326 pravos
648 1293 743 1314 meos
762 1293 878 1314 mores
889 1305 899 1322 ‚
918 1292 998 1314 sen-

355 1333 437 1375 sim,
447 1341 553 1379 atque
563 1333 610 1367 ita
618 1342 659 1367 ut
669 1334 891 1380 asperitatem
899 1346 1000 1367 novae

355 1385 552 1432 disciplinae
583 1386 645 1421 vix
678 1387 785 1420 ullam
817 1387 998 1420 sentirem.

354 1439 438 1473 Duo
449 1438 536 1474 dicit
538 1439 894 1496 Persiusaeorrectam
906 1440 1002 1486 prio-

354 1505 431 1528 rem
453 1493 562 1527 vitam
587 1505 686 1527 suam
710 1506 728 1526 a
751 1492 939 1535 Cornuto;
964 1501 1000 1526 et

353 1547 401 1581 ita
416 1546 541 1581 leviter
555 1556 762 1593 correptum
775 1559 810 1581 se
824 1546 947 1586 fuisse,
961 1554 1001 1579 ut

354 1599 578 1646 repentinam
592 1600 674 1634 vitae
688 1599 925 1632 mutationem
938 1598 1001 1633 vix

355 1652 524 1694 senserit3
540 1651 629 1686 adeo
645 1651 835 1698 disciplina
849 1651 1001 1686 Cornuti

345 1706 490 1750 fallere,
511 1705 550 1739 id
575 1714 649 1747 est,
668 1705 706 1738 in
732 1705 843 1751 spinis
866 1712 900 1738 et
925 1717 1001 1738 mo·

355 1759 464 1792 lestiis
482 1759 716 1792 correctionis
736 1757 930 1792 evellendis
941 1783 951 1800 ‚
967 1766 1002 1791 et

354 1812 392 1844 in
414 1820 675 1858 praeceptorum
697 1810 888 1845 acrimonia
911 1819 1000 1844 tem-

354 1863 514 1910 peranda⁴
550 1864 619 1897 fuit
653 1864 763 1897 solers
793 1872 829 1897 et
859 1863 999 1897 efficax.

355 1916 464 1958 Quod
483 1917 767 1964 pulcherrimum
781 1925 835 1951 est
849 1916 1002 1951 Cornuti

356 1969 525 2016 elogium.
548 1971 591 2002 A.

404 2023 462 2056 38.
488 2025 686 2066 Apposita...
698 2047 705 2054 .
723 2025 863 2066 regula]
890 2022 973 2056 Hoec
987 2047 998 2063 ‚

356 2076 467 2118 regula
482 2075 648 2116 apposita,
668 2081 703 2106 et
722 2074 833 2105 intorti
844 2086 945 2105 mores
957 2074 1000 2106 ab

356 2135 430 2161 arte
449 2126 566 2160 fabrili
587 2134 671 2160 sunt
697 2126 874 2172 eleganter
891 2133 1002 2158 trans-

357 2181 440 2214 lata.
454 2180 511 2214 Sic
526 2180 655 2226 passim
671 2179 807 2220 Graeci,
827 2183 873 2225 τῷ
895 2180 1002 2212 κανόνι

356 2233 402 2267 τὰ
427 2232 540 2267 σκολιὰ
562 2233 763 2273 ἀπευθύνειν;
781 2232 838 2265 vel
861 2235 902 2276 τῇ
924 2244 1002 2277 προ-

356 2289 492 2332 σαγωγῇ
508 2288 563 2319 τοῦ
579 2286 707 2326 κανόνος
720 2284 764 2318 τὰ
777 2281 1003 2330 ὃιεςραμμένα

357 2340 401 2379 εἰς
418 2339 577 2375 εὐθύτητα
593 2336 1004 2384 peruginum—Exten-

358 2393 424 2430 dit,
446 2389 589 2424 direxit.
622 2389 848 2423 Translatum
869 2401 888 2422 a
914 2400 1000 2435 per-

356 2443 580 2490 pendiculari
604 2442 768 2476 funiculo
794 2455 803 2475 :
833 2441 897 2487 qui
922 2449 1001 2474 tum

358 2496 506 2530 demum
533 2503 586 2529 est
606 2503 747 2538 rectus,
777 2493 924 2541 quando
950 2502 1002 2527 est

358 2548 526 2582 intensus.
542 2547 689 2582 Casanb.

1100 645 1159 690 39.
1175 648 1385 690 Eepremitur
1399 648 1525 679 ratione
1540 648 1697 690 animus]

1053 700 1204 746 Jamque
1216 724 1227 741 ‚
1249 709 1283 734 te
1305 700 1399 734 duce
1411 725 1422 741 ,
1438 700 1576 734 animus
1597 712 1697 734 meus

1051 753 1229 798 premitur
1242 753 1395 793 ratione,
1413 752 1451 787 id
1467 762 1517 787 est
1529 779 1539 794 ‚
1554 753 1697 799 cogitur

1051 805 1197 838 rationis
1225 805 1417 851 imperium
1448 806 1549 853 sequi
1565 831 1575 848 ,
1600 818 1697 840 coer-

1053 865 1166 890 cetur.
1187 859 1276 890 Sicut
1293 864 1412 902 e'quus,
1431 859 1551 905 inquit
1570 859 1671 893 Plato
1685 883 1696 900 ‚

1053 922 1075 941 a
1089 922 1205 942 sessore
1217 911 1386 949 domatur,
1401 913 1447 943 ita
1459 913 1585 944 animus
1597 913 1699 944 ratio-

1054 975 1103 995 ne.
1117 961 1210 996 Cave
1228 970 1347 996 autem
1370 975 1416 997 ne
1435 964 1594 997 animum
1613 976 1699 998 cum

1054 1022 1172 1048 mente
1188 1014 1396 1048 confundas.
1414 1015 1502 1048 Duae
1519 1023 1604 1050 sunt
1620 1028 1700 1062 par-

1054 1076 1107 1102 tes
1121 1068 1229 1101 animi
1243 1068 1356 1101 nostri
1367 1080 1378 1111 ;
1393 1068 1502 1102 altera
1512 1070 1676 1115 superior
1688 1093 1700 1111 ,

1054 1133 1155 1154 mens
1166 1145 1176 1163 ,
1191 1121 1339 1155 rationis
1352 1120 1474 1164 sedes3
1488 1121 1598 1156 altera
1611 1121 1700 1156 infe-

1053 1174 1146 1216 rior,
1161 1187 1240 1221 quae
1254 1183 1307 1209 est
1321 1187 1448 1221 expers
1462 1175 1628 1217 rationis,
1640 1187 1702 1209 vo·

1053 1236 1226 1275 caturque
1250 1228 1443 1275 appetitus.
1473 1230 1526 1263 De
1549 1229 1615 1263 hac
1640 1229 1700 1262 ul·

1050 1281 1137 1314 tima
1158 1293 1274 1315 sermo
1300 1289 1365 1315 est.
1383 1280 1470 1315 Vid.
1496 1281 1572 1316 Cic.
1594 1280 1702 1315 Offic.

1055 1334 1118 1368 lib.
1141 1335 1158 1367 Ι
1171 1360 1181 1377 ,
1201 1334 1242 1368 n⁰
1261 1347 1337 1368 102.
1361 1335 1405 1368 In
1424 1333 1552 1368 eodem
1565 1346 1671 1368 sensu
1687 1353 1698 1370 9

1054 1386 1092 1420 id
1108 1395 1160 1420 est
1171 1412 1181 1428 ‚
1198 1385 1243 1420 de
1257 1386 1375 1420 animo
1392 1387 1540 1420 rationis
1554 1394 1678 1432 egente
1689 1410 1702 1428 ‚

1054 1452 1116 1472 seu
1141 1438 1185 1473 de
1212 1439 1374 1485 appetitu
1400 1438 1492 1473 dixit
1509 1439 1677 1473 Horatius
1689 1463 1700 1482 ,

1054 1491 1118 1524 lib.
1136 1492 1154 1524 I
1169 1516 1179 1531 ‚
1194 1491 1299 1537 epist.
1322 1503 1363 1524 2:

1056 1571 1148 1578 .....
1162 1547 1305 1578 Animum
1325 1558 1413 1588 rege,
1430 1548 1484 1588 qui
1498 1547 1557 1577 nisi
1572 1554 1658 1587 paret

1052 1597 1201 1636 Imperat:
1219 1596 1301 1626 hunc
1319 1596 1418 1626 fraenis
1429 1619 1438 1632 ,
1460 1597 1542 1626 hunc
1563 1602 1597 1625 tu
1614 1606 1698 1625 com-

1135 1653 1226 1683 pesce
1241 1644 1357 1673 catenfi.
1624 1644 1658 1672 P.

1053 1715 1100 1722 --
1112 1699 1144 1726 V
1141 1697 1269 1738 incique
1281 1697 1418 1728 laborat.
1431 1696 1540 1728 Recte
1553 1697 1683 1727 laborat
1686 1720 1699 1734 ,

1053 1761 1135 1782 nam
1154 1748 1278 1794 ingens
1297 1757 1334 1782 et
1350 1747 1504 1782 arduum
1522 1756 1574 1782 est
1591 1755 1702 1781 certa-

1053 1814 1135 1835 men
1149 1827 1159 1843 ‚
1179 1800 1325 1848 quando
1343 1801 1430 1835 vitia
1451 1800 1598 1835 domare
1618 1800 1702 1834 niti-

1055 1868 1152 1890 mur.
1169 1855 1279 1902 Greg.
1295 1855 1456 1889 Nazianz.
1668 1864 1687 1901 J

1055 1916 1246 1963 Πρσίγματα
1277 1911 1312 1948 δ’
1341 1909 1392 1948 οἶσι
1424 1911 1533 1954 δοκεῖς
1559 1915 1700 1958 πάσχειν

1161 1969 1260 2013 ψυχὴν
1286 1970 1490 2013 πολεμοῦσαν

1105 2020 1261 2066 Σώματι,
1282 2020 1337 2054 καὶ
1366 2022 1477 2066 κόσμῳ
1499 2020 1703 2058 ἀντικαθεζο-

1159 2075 1270 2119 μένην-

1056 2124 1103 2157 ita
1129 2125 1266 2157 animus
1294 2136 1394 2161 meus
1421 2136 1458 2158 se
1483 2124 1582 2159 vinci
1611 2135 1706 2170 aegre

1055 2176 1206 2222 patitur.
1228 2176 1270 2209 C.

1103 2232 1157 2268 40.
1171 2229 1402 2274 Arttficemque
1414 2237 1467 2259 tuo
1475 2252 1485 2266 ‚
1499 2227 1570 2272 eta]
1584 2225 1702 2259 Idem-

1057 2294 1128 2328 que
1150 2293 1250 2314 meus
1270 2281 1408 2314 animus
1421 2279 1516 2321 ‚sub
1543 2287 1606 2312 tuo
1626 2279 1703 2325 pol-

1056 2334 1122 2367 lice
1140 2357 1150 2374 ,
1177 2332 1278 2365 ducit
1300 2335 1430 2365 ‘vultum
1454 2333 1610 2377 artificem
1627 2356 1638 2370 ,
1662 2331 1703 2365 id'

1055 2394 1106 2420 est
1126 2387 1188 2419 tua
1209 2384 1398 2431 disciplina
1421 2393 1518 2419 totus
1540 2384 1704 2417 immuta-

1054 2448 1136 2482 tur,
1159 2447 1265 2485 atque
1292 2450 1333 2472 ex
1365 2437 1558 2484 depravato
1585 2449 1704 2470 emen-

1054 2491 1157 2526 datus
1168 2516 1179 2533 ‚
1196 2504 1215 2525 e
1231 2491 1323 2525 malo
1337 2489 1457 2524 evadit
1469 2490 1605 2536 probus
1617 2514 1627 2531 ‚
1642 2502 1707 2523 ve-

1053 2545 1122 2579 luti
1141 2543 1263 2591 argilla
1285 2552 1320 2578 et
1341 2555 1420 2576 cera
1438 2555 1518 2589 quae
1541 2542 1607 2576 sub
1625 2541 1710 2589 pol-

399 2667 440 2697 V.
461 2672 517 2703 4ο.
536 2665 779 2712 Artzficemque.
798 2667 847 2698 Ita
865 2675 980 2698 omnes
1003 2663 1100 2696 codd.
1122 2662 1209 2696 Vide
1227 2672 1326 2707 supra
1347 2660 1632 2694 commentarium.
