1846 3184
114 26 127 31 ⁶
146 0 186 27 ζωὴ
199 2 205 5 ’
295 11 309 22 κ

77 32 87 39 ,ι
271 31 277 40 ι
298 33 307 44 1

50 90 60 103 Π

240 270 368 285 m
376 265 378 269 '

471 391 782 498 JANI‘
837 353 1389 469 DOUSAE‘

673 551 1152 602 NORDOVICIS

287 715 420 783 AD
486 710 1035 782 SULPICIAE
1097 652 1552 776 SATIRAM

620 869 659 927 S
681 866 1252 930 CHEDIASMA.

263 1149 544 1219 Summum
573 1176 734 1216 Poetriae
761 1178 947 1216 Romanae
975 1176 1155 1222 satiram,
1175 1189 1264 1228 quae
1293 1175 1344 1215 de
1369 1175 1498 1215 edicto
1524 1176 1609 1214 Do-

263 1243 414 1282 mitiani
435 1242 683 1289 inscribitur,
701 1241 752 1279 ad
776 1242 894 1280 finem
921 1242 1139 1279 novissimae
1164 1240 1402 1278 Petronianae
1428 1240 1612 1278 editionis

263 1316 475 1358 appensam
491 1335 503 1352 ‚
532 1307 787 1359 percursitare
823 1305 949 1344 obiter
978 1314 1052 1343 stat
1084 1305 1301 1345 sententia:
1332 1304 1434 1342 facto
1466 1303 1614 1354 (quod

265 1371 416 1410 bonnm
434 1371 529 1421 siet)
548 1371 597 1409 ab
617 1370 710 1422 ipsis
731 1383 856 1422 usque
875 1371 1092 1408 carceribus
1115 1361 1303 1419 auspicio.
1324 1369 1390 1407 Sic
1411 1369 1530 1420 igitur
1546 1367 1616 1406 illa

267 1435 460 1487 condigna
474 1434 618 1473 Caleno
635 1435 781 1486 conjux
796 1448 806 1470 :
850 1479 852 1481 v

267 1524 389 1567 Vers.
408 1539 445 1566 1.
455 1523 599 1577 Musa,
610 1522 769 1581 quibus
778 1523 972 1565 numeris
987 1523 1139 1565 heroas
1154 1533 1198 1565 et
1214 1537 1332 1564 arma
1341 1520 1616 1579 frequentas]

321 1615 584 1662 Frequentas‚
607 1625 680 1663 pro
707 1613 950 1648 concelebras
966 1639 979 1656 ‚
1002 1610 1168 1662 proinde
1197 1618 1243 1647 ut
1270 1611 1391 1647 Carus
1417 1609 1619 1660 loquitur,

268 1675 346 1733 hoc
369 1685 428 1714 est
441 1705 453 1723 ‚
475 1675 646 1721 celebres
666 1675 895 1720 concinnas,
911 1675 1121 1725 reddisque
1139 1674 1351 1712 honoratos
1368 1686 1413 1711 ac
1432 1674 1615 1724 insignes.

269 1778 310 1805 ν.
341 1778 381 1804 2.
413 1761 630 1803 Fabellam
653 1762 854 1819 permitte
871 1761 982 1802 mihi
1004 1761 1203 1803 detexere
1221 1760 1412 1826 paucis]

324 1849 530 1900 Eleganter
556 1861 668 1895 sane,
690 1861 763 1899 pro
778 1857 1005 1898 perte-tere,
1028 1856 1068 1886 et
1092 1848 1142 1886 ad
1169 1848 1355 1886 exodium
1378 1861 1507 1899 usque
1526 1862 1621 1899 per-

275 1914 440 1960 ducere,
462 1922 598 1964 estque
624 1913 851 1965 metaphora
876 1926 901 1951 a
926 1913 1025 1960 tela,
1038 1904 1093 1951 ‘ad
1109 1914 1167 1951 rei
1184 1913 1381 1965 patrandae
1399 1913 1621 1951 consilium.

273 1978 469 2016 Titinnius
485 1980 515 2015 F
516 1977 683 2015 ullonib.

511 2056 617 2096 Quae,
633 2054 725 2086 inter
740 2055 854 2091 deoem
870 2065 995 2093 annos,
1012 2054 1159 2097 nequisti
1179 2065 1283 2086 unam
1300 2061 1411 2098 togam
1423 2055 1590 2087 detexere.

276 2124 391 2163 Adde
409 2138 432 2162 a
449 2123 600 2162 comico
618 2132 751 2162 nostro
769 2138 779 2161 τ

515 2202 631 2243 Neque
648 2201 794 2232 exordiri
810 2182 1066 2244 primum'uude
1085 2202 1229 2243 occipias
1240 2225 1249 2239 ,
1267 2201 1369 2232 habes
1379 2222 1389 2238 ‚

511 2256 630 2297 Neque
649 2254 692 2285 ad
710 2252 937 2287 detexundam
957 2257 1056 2287 telam
1075 2261 1184 2286 certos
1201 2254 1376 2285 terminos.

279 2326 489 2376 Pergamus
506 2337 598 2361 cum
619 2324 790 2375 Sulpicia
805 2339 815 2361 z

282 2427 322 2454 v.
357 2428 427 2456 10.
444 2414 608 2470 'Teque
633 2413 790 2470 quibus
814 2411 1036 2469 princeps,
1062 2421 1104 2452 et
1130 2408 1433 2450 facundissima
1450 2409 1599 2464 calles,

457 2476 732 2536 Aggredior]

338 2557 445 2603 Quid
461 2559 539 2596 hoc
556 2559 631 2596 sibi
646 2557 746 2595 velle
770 2557 898 2594 dicam
912 2584 923 2602 ,
942 2556 1094 2593 nescio:
1112 2554 1212 2592 nihil
1229 2555 1334 2592 enim
1351 2555 1522 2607 ineptius
1535 2586 1547 2603 ‚
1566 2557 1629 2595 in-

289 2618 488 2672 digni-:sve
505 2623 603 2661 adeo
618 2621 806 2660 laudabili
820 2633 864 2659 ac
880 2618 1100 2671 pererudita
1116 2619 1297 2670 Sulpiciae
1312 2619 1436 2670 gentis
1447 2619 1627 2670 heroide,

1341 2697 1357 2723 1
1368 2685 1393 2734 4
