1846 3184
313 301 392 330 100

649 289 701 330 A.
740 288 989 332 PERSII
1029 289 1281 333 FLACCI

363 369 503 411 Curva
525 367 664 422 subit,
682 370 750 412 vel
771 372 870 412 cum
894 370 1001 412 fallit
1024 371 1131 429 pede
1149 373 1295 431 regula
1312 387 1438 426 varo;

364 445 421 487 Et
443 444 555 503 potis
575 459 620 486 es
644 445 816 504 nigrum
835 446 940 488 vitio
959 446 1179 506 praefigere
1203 448 1333 490 theta.

365 520 486 575 Quin
505 530 553 561 tu
571 520 724 578 igitur,
744 523 910 563 summa
930 523 1215 580 nequicquam
1232 524 1342 582 pelle
1360 523 1560 575 decorus,

307 657 365 683 tus
390 648 429 682 in
454 647 574 682 medio
605 647 766 682 consistit
793 646 950 682 duorum

306 703 477 737 vitiorum
499 715 510 745 ;
542 710 585 735 ut
616 714 707 748 saepe
738 701 888 734 obscura
916 710 950 735 et

306 755 463 789 difficilis
475 754 520 788 sit
532 755 607 799 ejus
620 754 764 800 agnitio.
775 754 830 787 Ita
843 753 950 787 inter-

305 816 423 854 pretes
440 820 448 840 ε
472 806 620 848 melius,
641 814 766 839 nostro
787 805 948 851 judicio,

307 860 436 894 doctus
449 861 517 906 Eq.
529 859 637 903 Croft,
650 860 724 905 jam
745 858 808 892 cit.
831 875 845 888 ι
858 858 951 892 Male

308 929 324 942 ι
338 913 535 946 Juvencius
558 911 595 944 in
619 911 843 956 interpretat.
864 922 949 944 sua:

309 983 324 996 ιι
338 968 424 998 inter
439 978 536 998 curva
553 974 586 997 et
602 965 722 997 vitiosa
740 966 820 996 latet
826 977 840 1002 ;
861 972 897 997 et
912 964 951 996 in

308 1035 324 1050 ι
338 1018 454 1052 notis:
478 1020 562 1050 inter·
583 1029 701 1055 curva,
725 1018 761 1049 id
780 1026 844 1055 est,
869 1018 953 1049 inter

308 1088 324 1102 ι
339 1073 458 1116 injusta
468 1080 501 1103 et
508 1072 622 1113 iniqua
629 1083 641 1102 :
650 1071 757 1102 virtus
765 1071 848 1102 enim
862 1079 908 1101 est
918 1071 951 1101 in

309 1141 324 1153 ι
339 1125 443 1157 medio
455 1125 591 1155 duorum
606 1123 772 1154 vitiorum.
788 1121 952 1155 Verbum

308 1194 324 1207 ι
340 1179 424 1210 inter
432 1177 491 1210 hic
501 1188 575 1209 non
586 1183 721 1221 spectat
730 1173 774 1208 ad
786 1173 873 1207 duas
882 1185 952 1216 res;

309 1246 324 1260 ι
338 1242 410 1263 non
423 1229 494 1264 vim
504 1229 611 1263 habet
618 1228 718 1263 verbi
729 1227 845 1274 gallici
855 1237 954 1262 entre.

310 1299 325 1312 ι
339 1287 428 1315 Inter
440 1295 538 1314 curva
555 1281 644 1315 dicit
654 1305 665 1320 ,
684 1282 776 1324 apud
786 1293 882 1313 curva
891 1305 902 1319 ,
921 1282 954 1312 in

309 1351 325 1365 ι
341 1337 445 1368 medio
454 1347 633 1374 curvorum,
641 1333 830 1367 malorum.
837 1333 955 1367 Latini

309 1404 325 1418 ι
341 1388 445 1422 obliti
473 1399 566 1433 saepe
593 1394 678 1420 sunt
706 1387 829 1419 sensus
853 1385 952 1420 verbi

310 1457 325 1470 ι
341 1443 425 1474 inter
441 1465 452 1480 ‚
480 1448 521 1473 ut
556 1438 650 1473 Galli
676 1439 776 1473 verbi
810 1448 912 1472 entre.
937 1454 951 1467 ι

306 1494 432 1528 Malim
442 1493 567 1527 referri
576 1495 660 1525 inter
669 1491 714 1526 ad
725 1502 854 1525 rectum.
865 1492 903 1524 F.
914 1492 955 1524 D.

359 1560 415 1581 12.
447 1549 506 1579 Vel
529 1549 602 1579 ciem
617 1547 716 1590 fallit
735 1548 820 1589 pede
841 1547 955 1589 regula

306 1602 421 1643 ’ναι-0.]
437 1599 507 1633 Vel
525 1610 611 1632 cum
630 1598 751 1644 regula
771 1597 818 1631 ob
835 1609 955 1631 neces-

307 1653 414 1686 sarias
434 1650 680 1697 exceptiones,
694 1649 736 1682 fit
753 1663 851 1682 vara.
867 1649 955 1683 Om-

307 1705 367 1739 nia
380 1703 576 1751 praevidere
589 1703 647 1738 lex
660 1715 735 1737 non
747 1702 879 1749 potuit.
894 1703 915 1736 J
920 1715 956 1737 u-

308 1757 382 1792 dex
403 1770 487 1804 ergo
512 1764 576 1790 aut
601 1756 826 1802 magistratus
850 1755 956 1789 silen-

308 1810 401 1843 tium
425 1812 500 1856 ejus
523 1822 568 1843 ex
593 1808 811 1843 conscientia
836 1821 897 1842 sua
921 1816 956 1842 et

309 1863 465 1897 naturali
478 1863 554 1908 lege
571 1862 833 1909 interpretetur
847 1874 956 1908 opor-

309 1923 364 1950 tet
390 1928 399 1948 :
427 1923 600 1961 praeterea
617 1939 627 1956 ‚
650 1914 725 1949 aliae
750 1923 834 1948 sunt
856 1927 956 1948 occa-

309 1967 427 2002 siones
455 1967 587 2014 quibus
617 1967 740 2013 regula
772 1969 785 2011 (
805 1980 929 2001 norma
944 1992 955 2008 ‚

310 2015 465 2068 γνώμων)
479 2033 516 2055 se
531 2021 710 2054 incurvari
731 2028 766 2054 et
779 2021 958 2067 obliquari

310 2074 466 2120 patitur3
487 2072 606 2120 quod,
620 2074 703 2106 cum
718 2085 784 2118 per
802 2085 838 2106 se
851 2073 958 2107 vitio-

312 2139 393 2161 sum
405 2127 469 2167 sit,
481 2135 599 2160 tamen
612 2124 804 2171 aliquando
818 2138 958 2159 merum

311 2181 370 2227 jus
391 2188 464 2214 est:
483 2178 565 2213 ideo
585 2179 678 2212 bene
697 2178 834 2212 dictum
846 2204 856 2221 ,
874 2192 958 2211 sum-

1002 662 1089 682 mum
1111 652 1169 695 jus
1181 676 1192 690 ‚
1221 664 1344 684 summu
1378 653 1513 696 injuria.
1526 673 1574 680 --
1586 657 1648 686 Pes

1000 716 1104 736 varus
1129 704 1273 749 proprie
1299 705 1498 752 appellatur
1523 707 1645 741 incur-

1001 768 1087 791 vus:
1104 756 1190 791 inde
1201 758 1259 791 lex
1274 771 1382 798 vara,
1402 759 1520 805 regula
1534 773 1621 792 vara
1631 786 1644 799 ,

1003 822 1083 855 quae
1096 822 1132 844 se
1144 811 1324 845 incurvari
1339 812 1494 858 patitur,
1508 814 1644 859 quippe

1003 862 1063 895 cui
1084 863 1221 909 aliquid
1245 862 1358 905 desit,
1377 865 1433 898 vel
1453 865 1536 906 cui,
1558 878 1644 911 pro-

1002 922 1084 960 pter
1091 914 1646 963 obscuritatem,interpretatione

1004 978 1096 1012 opus
1113 967 1168 1001 sit.
1185 966 1226 1000 C.
1238 975 1274 1000 et
1286 968 1327 1000 A.

1054 1032 1069 1053 1
1077 1023 1105 1053 3.
1115 1024 1158 1053 Et
1165 1022 1247 1064 potis
1257 1023 1312 1065 es.]
1324 1021 1396 1054 Scis
1407 1033 1507 1068 aeque
1518 1023 1646 1057 noxios

1005 1072 1244 1108 condemnare
1253 1099 1264 1115 ‚
1286 1082 1322 1107 et
1347 1074 1557 1108 innocentes
1581 1074 1646 1109 de-

1006 1125 1163 1160 fendere.
1173 1147 1219 1152 —
1229 1128 1374 1170 Nigrum.
1385 1151 1393 1159 .
1404 1151 1412 1158 .
1423 1151 1431 1158 .
1451 1127 1548 1160 tlte'ta.
1561 1128 1645 1161 Vet.

1006 1176 1115 1210 schol.
1133 1194 1147 1206 ι
1160 1177 1182 1211 J
1187 1176 1308 1211 udices
1322 1177 1477 1212 litteram
1490 1179 1578 1211 the¹ta
1589 1191 1651 1225 ap-

1011 1246 1025 1259 ι
1038 1239 1182 1276 ponunt
1192 1229 1237 1263 ad
1249 1241 1376 1263 eorum
1389 1231 1548 1272 nomina,
1558 1243 1650 1278 quos

1010 1301 1024 1314 ι
1038 1284 1217 1329 supplicio
1227 1283 1540 1319 afficiunt-Merito
1551 1288 1648 1326 θῆτα,

1010 1354 1023 1367 ι
1040 1337 1104 1370 ἀπὸ
1122 1341 1177 1370 τοῦ
1193 1336 1349 1377 θάνατος,
1367 1348 1409 1370 eo
1429 1336 1529 1383 quod
1550 1338 1652 1384 quasi

1009 1403 1023 1417 ι
1037 1387 1164 1421 habeat
1193 1387 1306 1421 telum
1336 1399 1443 1421 suum
1461 1412 1471 1429 ‚
1496 1387 1652 1435 ideoque

1010 1457 1024 1470 ι
1039 1441 1137 1474 triste
1169 1441 1384 1486 intelligitur
1396 1466 1406 1482 ‚
1432 1441 1489 1474 vel
1527 1442 1652 1476 mortis

1010 1509 1023 1522 ι
1039 1492 1191 1538 signum.
1206 1492 1311 1526 Unde
1326 1492 1473 1538 quidam
1487 1494 1555 1527 ait:

1007 1550 1034 1579 Ο
1058 1550 1188 1579 multum
1217 1556 1286 1579 ante
1316 1549 1389 1579 alias
1418 1550 1524 1579 infelix
1552 1550 1651 1580 littera

1089 1597 1191 1627 theta!
1207 1610 1222 1623 »

1057 1653 1113 1690 14.
1143 1650 1226 1691 Quin
1251 1658 1286 1680 ιιι
1312 1648 1439 1694 igitur]
1470 1648 1652 1683 Hactenus

1006 1700 1142 1734 ironice
1158 1701 1300 1734 locutus
1317 1709 1393 1743 est3
1410 1713 1510 1735 nunc
1529 1710 1652 1747 aperte
1699 1726 1702 1729 ,

1006 1754 1087 1800 agit.
1097 1753 1252 1796 Quando
1261 1754 1337 1788 haec
1347 1767 1425 1800 quae
1435 1754 1513 1788 dixi
1523 1754 1652 1796 nescis,

1007 1819 1073 1841 cur
1084 1815 1233 1841 tractare
1246 1806 1505 1853 rempublicam
1516 1815 1551 1841 et
1564 1806 1654 1840 boni

1006 1859 1182 1906 principis
1198 1860 1288 1893 sacta
1307 1859 1474 1906 dictaque
1486 1859 1653 1893 affectare
1675 1883 1679 1886 -

1009 1912 1145 1947 tentas?
1156 1913 1287 1947 Desine
1296 1912 1436 1959 populo
1445 1913 1550 1947 verba
1558 1908 1654 1946 dare.

1008 1965 1188 2000 Adversus
1207 1966 1300 1999 hanc
1323 1974 1445 1999 notam
1457 1990 1467 2007 ‚
1481 1965 1539 1999 vel
1558 1965 1656 1998 simi-

1009 2020 1080 2053 lem
1094 2021 1131 2053 in
1146 2020 1337 2066 interpret.
1353 2019 1447 2054 Gall.
1463 2019 1599 2053 abbatis
1610 2022 1655 2052 Le

1009 2074 1160 2105 Monm'er
1167 2097 1179 2112 ‚
1199 2074 1336 2104 Diderot
1352 2072 1464 2118 surgit
1476 2097 1487 2113 ‚
1507 2070 1630 2105 dicens
1643 2084 1652 2104 τ

990 2118 994 2120 ‚
1013 2142 1028 2156 ι
1039 2126 1140 2159 Cette
1151 2134 1235 2159 note
1244 2134 1294 2159 est
1305 2126 1429 2158 fausse.
1439 2125 1583 2158 Socrate
1591 2124 1656 2158 fait

1014 2195 1029 2209 ι
1040 2191 1089 2212 un
1098 2180 1326 2226 enthymeme
1336 2178 1419 2212 bien
1426 2178 1594 2225 simplezil
1600 2176 1656 2211 dit

362 2300 403 2329 V.
426 2299 478 2329 13.
495 2298 539 2329 Et
547 2297 634 2340 potis
655 2307 686 2328 es
708 2295 835 2339 nigrum
848 2318 859 2336 ‚
881 2303 940 2327 etc.
961 2297 1039 2327 Post
1059 2295 1152 2326 hunc
1172 2306 1324 2334 versum,
1343 2296 1380 2326 in
1399 2295 1473 2326 cod.
1494 2294 1655 2327 Thuaneo

315 2351 490 2390 inserituu

625 2395 653 2425 0
670 2394 801 2425 multum
818 2400 888 2424 ante
907 2393 980 2423 alias
998 2392 1104 2422 infelix
1123 2393 1223 2422 littera
1237 2393 1339 2428 theta3

317 2465 353 2494 in
372 2462 446 2494 cod.
458 2461 605 2499 Pithoei,
618 2460 689 2491 haec
704 2460 811 2502 glossa
832 2460 981 2491 additur:
996 2459 1016 2490 i.
1037 2459 1125 2490 illam
1140 2459 1266 2490 literam
1283 2470 1358 2500 quae
1375 2458 1485 2501 signat
1499 2459 1656 2501 dampna·

319 2517 435 2547 tionem
449 2526 460 2546 .·
479 2514 564 2546 unde
579 2514 731 2558 et-Sidon.
742 2513 888 2555 quuitur
896 2512 940 2543 sic
949 2524 961 2543 .-

601 2569 632 2599 0
646 2569 789 2598 multum
805 2569 987 2603 antealias
999 2567 1123 2609 infelix
1138 2568 1237 2597 litera
1250 2566 1354 2598 theca.

319 2624 382 2656 Hic
403 2635 516 2655 versus
538 2623 682 2654 insulsus
705 2633 776 2653 non
801 2630 850 2653 est
876 2630 963 2653 certe
990 2622 1089 2653 Persii
1103 2644 1113 2660 ,
1133 2633 1242 2663 neque
1266 2622 1377 2654 Sidon.
1401 2622 1510 2664 Apoll.
1537 2622 1596 2654 secl
1616 2633 1659 2654 ex

320 2677 427 2718 glossa
444 2676 577 2717 irrepsit
593 2676 630 2706 in
648 2682 794 2706 textum:
809 2682 841 2706 et
859 2682 907 2706 est
928 2675 1069 2706 imitatio
1082 2674 1262 2716 Virgiliana
1275 2697 1284 2712 ,
1302 2674 1440 2706 Aeneid.
1454 2677 1520 2713 111,
1536 2676 1598 2707 321
1614 2687 1621 2706 :

659 2732 687 2760 Ο
705 2729 779 2760 felix
798 2740 858 2760 una
875 2736 945 2760 ante
965 2729 1038 2766 alias
1055 2729 1201 2759 Priameia
1218 2730 1315 2769 virgo.
