1846 3184
334 282 391 335 34

672 284 727 325 A.
762 283 1006 329 PERSII
1049 286 1302 328 FLACCI

859 382 1128 409 PERSIUS.

389 440 448 481 Ut
465 440 621 482 ramale
637 451 756 482 vetus
769 473 780 494 ‚
797 441 1035 500 praegrandi
1051 443 1204 484 subere
1220 455 1405 487 coctum.

778 532 1213 560 anvnnsanrus

389 590 608 645 Quidnam
627 591 756 649 igitur
774 603 969 634 tenerum
980 625 992 646 ‚
1009 604 1051 635 et
1068 593 1160 635 laxa
1181 596 1343 638 cervice
1359 596 1586 655 legendum
1598 597 1619 639 ἲ

856 684 879 710 1²
893 685 918 710 E
936 685 963 711 R
981 685 1000 711 s
1018 685 1034 710 1
1050 685 1078 710 tr
1094 685 1127 711 s.

394 744 436 785 Τ
431 758 531 785 οννα
550 744 829 785 Mimalloneis
851 745 1073 803 implerunt
1093 761 1249 789 cornua
1270 748 1422 790 bombis
1435 764 1451 791 .·

389 821 448 861 Ec
464 830 630 877 raptum
646 820 783 862 vitulo
806 831 935 879 caput
950 822 1149 864 ablatura
1166 825 1333 881 superbo

325 956 456 999 pingui.
472 954 549 988 Hoc
563 962 634 994 est,
651 958 754 999 φλοιοῦ
774 955 891 1000 μεςὸν,
905 966 968 988 seu

332 1005 502 1053 φλοιῶδες.
521 1007 578 1041 Sic
595 1007 692 1040 enim
709 1006 824 1040 Graeci
841 1014 970 1040 vocant

331 1059 516 1105 nugatoria
527 1083 537 1099 ‚
552 1066 587 1091 et
600 1070 676 1104 quae
690 1057 817 1092 vitiosa
830 1066 970 1092 tument

330 1109 591 1157 magnitudine.
610 1109 652 1143 C.

378 1177 439 1209 97.
456 1167 498 1195 Ut
506 1165 630 1196 ramale
643 1165 763 1207 vetus]
774 1163 970 1209 Responsio

331 1217 442 1251 Persii
449 1217 633 1264 allegorica
643 1229 653 1260 ;
664 1217 906 1263 metaphoram
913 1216 973 1250 ad-

329 1270 472 1304 versarii
489 1269 688 1303 continuat.
713 1268 873 1303 Grandes
892 1269 972 1315 qui-

331 1323 414 1356 dem
427 1348 438 1365 ,
460 1322 580 1368 inquit
593 1347 604 1362 ,
627 1331 662 1356 et
689 1322 858 1356 sublimes
886 1330 972 1356 sunt

331 1375 474 1421 Virgilii
493 1386 616 1408 versus
627 1399 637 1417 ‚
653 1373 716 1408 sed
739 1387 810 1411 non
833 1373 944 1407 inflati
960 1387 969 1407 t

330 1428 443 1461 immo
452 1452 463 1469 ‚
473 1427 571 1462 velut
583 1427 674 1461 cocti
687 1428 771 1461 sunt
783 1435 817 1460 et
830 1435 971 1460 maturo

327 1480 467 1527 judicio
479 1480 648 1526 perfecti;
662 1480 792 1514 similes
803 1492 902 1513 ramo
913 1492 973 1515 ve-

332 1533 422 1575 teri,
436 1545 563 1580 magno
586 1532 753 1579 quidem,
773 1531 835 1566 sed
859 1533 973 1566 calore

333 1586 416 1620 solis
429 1594 466 1619 et
482 1593 578 1618 aetate
597 1587 659 1619 sua
671 1593 773 1618 cocto
785 1593 821 1619 et
834 1585 974 1631 perfec·

333 1647 383 1672 to.
395 1637 438 1671 C.
451 1658 497 1664 -
507 1641 614 1672 cocco.
626 1637 760 1672 Coetus
777 1637 974 1684 opponitur

335 1690 465 1726 crudo.
478 1712 525 1718 —
537 1693 668 1725 Subere.
701 1691 816 1724 Suber
831 1715 843 1732 ‚
868 1690 974 1724 arbor

334 1754 456 1775 crassae
480 1741 633 1775 corticis.
658 1741 738 1775 Plin
747 1767 754 1774 .
778 1741 842 1774 lib.
860 1741 950 1775 XVI
963 1764 974 1782 ‚

333 1807 412 1841 cap.
431 1795 463 1827 8.
481 1794 522 1827 Ρ.

381 1847 439 1891 98.
471 1848 632 1889 Quidnam
661 1847 761 1890 igitur
789 1855 943 1879 tenerum.
957 1845 969 1891 ]

334 1898 486 1946 Ecquod
499 1911 583 1945 ergo
596 1911 736 1933 carmen
750 1899 817 1932 tibi
830 1897 975 1933 tandem

334 1951 735 2000 probabitur?—Laxd
758 1953 886 1984 cervice.
914 1952 974 1984 Al-

319 1999 428 2039 'lusio
442 2003 487 2038 ad
504 2004 729 2038 recitationes
746 2017 824 2050 quae
843 2003 975 2038 fiebant

338 2057 384 2092 de
402 2057 535 2104 scripto
549 2083 560 2100 ,
577 2069 687 2104 quare
704 2057 835 2090 Graecis
847 2057 974 2091 recita-

338 2119 433 2146 tores
443 2119 617 2145 vocantur
627 2111 655 2144 οἱ
668 2110 958 2156 ἀναγιγνώσκοντες
965 2135 978 2153 ,

340 2163 405 2210 qui
413 2163 568 2197 molliter
575 2162 782 2204 recitabant,
790 2162 894 2196 etiam
905 2174 978 2195 cer-

340 2216 456 2251 vicem
475 2227 541 2249 suo
566 2213 721 2262 quodam
745 2222 781 2248 et
804 2214 978 2260 peculiari

341 2267 451 2302 modo
461 2267 707 2302 inflectebant:
719 2267 748 2300 is
758 2267 893 2313 quippe
902 2279 978 2301 mos

342 2334 382 2356 ac
391 2330 510 2368 gestus
519 2321 751 2355 delicatorum
761 2329 796 2354 et
802 2325 977 2367 τρυφητῶν.

342 2375 396 2407 De
410 2374 478 2407 hoc
491 2373 619 2408 vitioso
635 2384 735 2406 more
748 2371 979 2406 recitantium

343 2425 420 2462 vid.
438 2438 545 2472 supra
561 2424 606 2459 ad
618 2438 653 2459 v.
670 2437 726 2471 17.
738 2424 780 2458 C.

392 2495 451 2527 99.
467 2486 565 2515 Torva
580 2482 808 2521 Mimalloneis,
820 2484 892 2526 eta]
904 2482 981 2516 Iro-

346 2535 426 2569 nice
436 2534 629 2582 respondet
640 2535 780 2574 Persius
789 2559 803 2578 ‚
813 2543 851 2571 et
861 2535 983 2571 festive

1592 844 1658 867 loo

1019 960 1088 994 pro
1115 950 1281 997 exemplo
1310 952 1415 986 affert
1438 965 1560 987 versus
1587 954 1658 989 Ne-

1020 1003 1117 1036 ronis
1134 1016 1154 1037 e
1171 1004 1315 1038 Bacchis
1332 1004 1539 1053 desumptus
1554 1009 1657 1052 (vet.

1021 1057 1133 1090 schol.
1151 1073 1166 1086 ι
1177 1058 1285 1091 verba
1307 1058 1461 1093 Neronis
1479 1069 1576 1095 sunt.
1589 1078 1604 1091 ι
1620 1063 1659 1107 ),

1023 1108 1087 1154 qui
1103 1116 1139 1142 et
1156 1108 1320 1144 laborant
1337 1109 1459 1145 eidem
1475 1111 1536 1146 illa
1550 1113 1659 1147 affec-

1022 1160 1156 1194 tatione
1174 1160 1333 1208 rhythmi
1351 1161 1396 1196 de
1414 1175 1484 1210 qua
1495 1165 1662 1210 superius

1023 1218 1075 1244 est
1105 1210 1264 1254 dictum,
1290 1224 1517 1260 quorumque
1542 1215 1662 1249 tenuis

1023 1275 1145 1296 sensus
1163 1264 1359 1298 verborum
1384 1266 1517 1299 tumori
1535 1267 1661 1302 etsta-

1023 1317 1102 1363 gori
1118 1317 1265 1350 minime
1284 1318 1489 1365 respondet.
1500 1319 1663 1354 C.—-Tor-

1023 1383 1071 1402 να.
1094 1370 1125 1402 Α
1149 1369 1317 1404 terrendo
1335 1395 1346 1412 ‚
1372 1372 1473 1418 quasi
1497 1382 1596 1407 ter-va.
1615 1394 1662 1402 —

1022 1423 1242 1455 Mimalloneis.
1253 1422 1380 1457 Mimas
1390 1450 1400 1466 ,
1414 1425 1525 1460 Ioniae
1537 1438 1640 1460 mons
1650 1451 1662 1469 ,

1023 1474 1061 1507 in
1080 1486 1154 1520 quo
1173 1475 1270 1521 orgia
1290 1475 1419 1510 Bacchi
1436 1477 1664 1512 celebraban-

1025 1534 1110 1560 tur:
1128 1527 1214 1561 hinc
1236 1528 1451 1564 Bacchantes
1473 1529 1578 1565 dictae
1594 1531 1665 1565 Mi-

1025 1580 1208 1616 mallones.
1232 1581 1305 1616 Vid
1325 1582 1443 1617 Str-ab.
1468 1584 1535 1618 lib.
1558 1585 1664 1619 X.—

1029 1633 1175 1667 Cornua.
1197 1634 1580 1680 Tubas.—1mplerunt.
1601 1638 1663 1672 In·

1025 1684 1352 1720 flarunt.—Bomhis.
1364 1687 1559 1723 Sonitibus.
1568 1693 1666 1722 Bom-

1028 1739 1103 1776 bus,
1116 1738 1263 1784 proprie
1279 1751 1410 1782 sonus,
1423 1752 1532 1787 quem
1549 1739 1666 1776 edunt

1026 1800 1130 1834 apes;
1153 1801 1234 1836 quae
1255 1803 1352 1833 vox,
1374 1791 1444 1825 hoc
1464 1791 1567 1835 loco,
1590 1804 1666 1827 non

1026 1841 1136 1887 magis
1164 1843 1382 1877 conveniens
1393 1868 1404 1886 ‚
1438 1846 1547 1891 quam
1578 1854 1668 1879 torva

1026 1906 1094 1941 pro
1110 1894 1280 1939 incurva,
1299 1895 1445 1931 inflexa.
1463 1897 1506 1930 P.

1079 1959 1154 1982 100.
1164 1951 1207 1981 Ee
1216 1959 1345 1992 raptum
1356 1951 1475 1990 vinclo,
1486 1952 1564 1995 eta]
1578 1950 1667 1985 «Vi-

1029 2017 1044 2030 ι
1059 2001 1155 2034 tulus
1166 2026 1177 2044 ,
1198 2002 1320 2049 inquit
1344 2003 1596 2047 casaubonus,
1613 2011 1667 2038 est

1029 2070 1044 2083 ι
1058 2053 1407 2103 Pentheus‚propter
1417 2056 1590 2104 adjectam
1603 2069 1668 2092 vo-

1031 2123 1046 2136 «
1062 2119 1138 2141 cem
1164 2111 1309 2151 superbo.
1325 2125 1340 2138 ι
1358 2109 1406 2143 Et
1420 2109 1522 2143 addit
1536 2122 1545 2142 ε
1569 2126 1584 2140 ι
1599 2110 1668 2144 Vel

1031 2178 1046 2191 ι
1063 2168 1115 2195 est
1131 2165 1245 2208 ταῦρος
1262 2161 1392 2208 {agene-ti<
1409 2175 1418 2195 ε
1438 2175 1541 2204 nam,
1561 2163 1667 2197 etiam

1032 2228 1047 2242 ι
1061 2211 1159 2258 apud
1180 2213 1392 2260 Euripidem
1411 2214 1556 2248 Bacchae
1572 2215 1668 2249 vitu-

1033 2281 1048 2295 ·
1061 2264 1114 2298 los
1140 2264 1310 2300 occidunt
1327 2278 1447 2301 vaccas
1465 2274 1501 2301 et
1522 2275 1666 2303 tauros:

1034 2343 1153 2359 .....
1171 2326 1212 2358 Αἱ
1225 2322 1263 2359 δὲ
1282 2326 1470 2372 νεμομέναις
1487 2327 1582 2370 χλόην

1033 2395 1049 2410 ι
1063 2378 1208 2422 Μόσχοις
1234 2379 1366 2415 ἐπῆλθον
1389 2380 1491 2425 χειρὸς
1512 2376 1668 2426 ἀσιδήρου

1086 2447 1101 2461 ιι
1117 2432 1216 2476 μέτα.

1035 2499 1052 2515 ι
1063 2476 1163 2518 Ᾰλλαι
1183 2480 1222 2517 δὲ
1237 2479 1392 2530 δαμάλας
1406 2481 1567 2530 διεφόρουν
1585 2496 1670 2519 σπα-

1088 2553 1103 2567 «
1119 2535 1275 2582 ράγμασι.

396 2655 439 2685 V.
457 2663 514 2694 97.
533 2653 734 2697 Pru-grandi.
751 2655 793 2687 In
811 2653 900 2687 notis
919 2653 989 2687 suis
1007 2653 1134 2697 scripsit
1154 2654 1336 2688 casaubon.
1350 2654 1534 2699 voegrandi.
1564 2631 1567 2634 ‹
1621 2692 1625 2695 Δ
