<?xml version="1.0" encoding="UTF-8"?>
<!DOCTYPE html PUBLIC "-//W3C//DTD XHTML 1.0 Transitional//EN"
    "http://www.w3.org/TR/xhtml1/DTD/xhtml1-transitional.dtd">
<html xmlns="http://www.w3.org/1999/xhtml" xml:lang="en" lang="en">
 <head>
  <title>
</title>
<meta http-equiv="Content-Type" content="text/html;charset=utf-8" />
  <meta name='ocr-system' content='tesseract 3.04.00' />
  <meta name='ocr-capabilities' content='ocr_page ocr_carea ocr_par ocr_line ocrx_word'/>
</head>
<body>
  <div class='ocr_page' id='page_1' title='image "./satiraeadcodice00persuoft_0346.png"; bbox 0 0 1846 3184; ppageno 0'>
   <div class='ocr_carea' id='block_1_1' title="bbox 290 297 1336 342">
    <p class='ocr_par' dir='ltr' id='par_1_1' title="bbox 290 297 1336 342">
     <span class='ocr_line' id='line_1_1' title="bbox 290 297 1336 342; baseline 0.001 -1"><span class='ocrx_word' id='word_1_1' title='bbox 290 298 376 341; x_wconf 84' lang='lat'><strong>306</strong></span> <span class='ocrx_word' id='word_1_2' title='bbox 535 298 582 340; x_wconf 91' lang='lat' dir='ltr'><strong>C.</strong></span> <span class='ocrx_word' id='word_1_3' title='bbox 617 297 878 340; x_wconf 93' lang='lat' dir='ltr'><strong>LUCILII</strong></span> <span class='ocrx_word' id='word_1_4' title='bbox 913 298 1336 342; x_wconf 87' lang='lat' dir='ltr'><strong>FRAGMENTA</strong></span> 
     </span>
    </p>
   </div>
   <div class='ocr_carea' id='block_1_2' title="bbox 338 383 1362 626">
    <p class='ocr_par' dir='ltr' id='par_1_2' title="bbox 338 383 1362 626">
     <span class='ocr_line' id='line_1_2' title="bbox 896 383 982 420; baseline 0.023 -2"><span class='ocrx_word' id='word_1_5' title='bbox 896 383 916 418; x_wconf 94' lang='lat'>1</span> <span class='ocrx_word' id='word_1_6' title='bbox 929 383 982 420; x_wconf 88' lang='lat' dir='ltr'><strong>X.</strong></span> 
     </span>
     <span class='ocr_line' id='line_1_3' title="bbox 338 444 1351 486; baseline -0.001 -1"><span class='ocrx_word' id='word_1_7' title='bbox 338 444 481 485; x_wconf 89' lang='lat' dir='ltr'><strong>Omnia</strong></span> <span class='ocrx_word' id='word_1_8' title='bbox 495 445 684 484; x_wconf 85' lang='lat' dir='ltr'><strong>tumendo</strong></span> <span class='ocrx_word' id='word_1_9' title='bbox 703 458 841 485; x_wconf 89' lang='lat' dir='ltr'><strong>mucro</strong></span> <span class='ocrx_word' id='word_1_10' title='bbox 859 446 989 484; x_wconf 88' lang='lat' dir='ltr'><strong>videas</strong></span> <span class='ocrx_word' id='word_1_11' title='bbox 1007 446 1178 486; x_wconf 85' lang='lat' dir='ltr'><strong>fervente</strong></span> <span class='ocrx_word' id='word_1_12' title='bbox 1197 448 1351 485; x_wconf 86' lang='lat' dir='ltr'><strong>micare.</strong></span> 
     </span>
     <span class='ocr_line' id='line_1_4' title="bbox 344 577 1362 626; baseline 0.001 -13"><span class='ocrx_word' id='word_1_13' title='bbox 344 603 593 613; x_wconf 91' lang='grc'><strong>..........</strong></span> <span class='ocrx_word' id='word_1_14' title='bbox 616 577 678 612; x_wconf 82' lang='lat' dir='ltr'><strong>An</strong></span> <span class='ocrx_word' id='word_1_15' title='bbox 697 587 769 626; x_wconf 87' lang='lat' dir='ltr'><strong>ego</strong></span> <span class='ocrx_word' id='word_1_16' title='bbox 786 582 824 611; x_wconf 92' lang='lat' dir='ltr'><strong>te</strong></span> <span class='ocrx_word' id='word_1_17' title='bbox 842 587 971 611; x_wconf 88' lang='lat' dir='ltr'><strong>acrem</strong></span> <span class='ocrx_word' id='word_1_18' title='bbox 988 583 1106 626; x_wconf 87' lang='lat' dir='ltr'><strong>atque</strong></span> <span class='ocrx_word' id='word_1_19' title='bbox 1125 577 1336 614; x_wconf 89' lang='lat' dir='ltr'><strong>animosam</strong></span> <span class='ocrx_word' id='word_1_20' title='bbox 1351 591 1362 623; x_wconf 89' lang='lat'>;</span> 
     </span>
    </p>
   </div>
   <div class='ocr_carea' id='block_1_3' title="bbox 334 638 1555 692">
    <p class='ocr_par' dir='ltr' id='par_1_3' title="bbox 334 638 1555 692">
     <span class='ocr_line' id='line_1_5' title="bbox 334 638 1555 692; baseline 0.002 -15"><span class='ocrx_word' id='word_1_21' title='bbox 334 639 555 678; x_wconf 87' lang='lat' dir='ltr'><strong>Thessalam</strong></span> <span class='ocrx_word' id='word_1_22' title='bbox 570 646 616 676; x_wconf 92' lang='lat' dir='ltr'><strong>ut</strong></span> <span class='ocrx_word' id='word_1_23' title='bbox 631 638 862 676; x_wconf 86' lang='lat' dir='ltr'><strong>indomitam</strong></span> <span class='ocrx_word' id='word_1_24' title='bbox 883 638 1001 676; x_wconf 87' lang='lat' dir='ltr'><strong>frenis</strong></span> <span class='ocrx_word' id='word_1_25' title='bbox 1019 638 1196 690; x_wconf 84' lang='lat' dir='ltr'><strong>subigam</strong></span> <span class='ocrx_word' id='word_1_26' title='bbox 1212 649 1300 678; x_wconf 90' lang='lat' dir='ltr'><strong>ante</strong></span> <span class='ocrx_word' id='word_1_27' title='bbox 1319 640 1555 692; x_wconf 91' lang='lat' dir='ltr'><strong>domemque</strong></span> 
     </span>
    </p>
   </div>
   <div class='ocr_carea' id='block_1_4' title="bbox 268 703 997 792">
    <p class='ocr_par' dir='ltr' id='par_1_4' title="bbox 268 703 997 792">
     <span class='ocr_line' id='line_1_6' title="bbox 268 703 533 742; baseline -0.019 1"><span class='ocrx_word' id='word_1_28' title='bbox 268 720 272 724; x_wconf 78' lang='grc'><strong>’</strong></span> <span class='ocrx_word' id='word_1_29' title='bbox 332 703 533 742; x_wconf 86' lang='lat' dir='ltr'><strong>Bellando.</strong></span> 
     </span>
     <span class='ocr_line' id='line_1_7' title="bbox 914 757 997 792; baseline 0 0"><span class='ocrx_word' id='word_1_30' title='bbox 914 757 954 792; x_wconf 88' lang='lat' dir='ltr'>X</span> <span class='ocrx_word' id='word_1_31' title='bbox 965 757 997 792; x_wconf 93' lang='grc' dir='ltr'><strong>Ῑ.</strong></span> 
     </span>
    </p>
   </div>
   <div class='ocr_carea' id='block_1_5' title="bbox 275 814 1630 2087">
    <p class='ocr_par' dir='ltr' id='par_1_5' title="bbox 328 814 1523 1182">
     <span class='ocr_line' id='line_1_8' title="bbox 330 814 1420 873; baseline -0.001 -12"><span class='ocrx_word' id='word_1_32' title='bbox 330 825 414 861; x_wconf 84' lang='lat' dir='ltr'><strong>Aut</strong></span> <span class='ocrx_word' id='word_1_33' title='bbox 435 820 527 859; x_wconf 81' lang='lat' dir='ltr'><strong>ciun</strong></span> <span class='ocrx_word' id='word_1_34' title='bbox 545 820 618 859; x_wconf 90' lang='lat' dir='ltr'><strong>iter</strong></span> <span class='ocrx_word' id='word_1_35' title='bbox 637 828 695 858; x_wconf 89' lang='lat' dir='ltr'><strong>est</strong></span> <span class='ocrx_word' id='word_1_36' title='bbox 711 814 845 873; x_wconf 87' lang='lat' dir='ltr'><strong>aliquo</strong></span> <span class='ocrx_word' id='word_1_37' title='bbox 858 849 868 867; x_wconf 94' lang='lat'>,</span> <span class='ocrx_word' id='word_1_38' title='bbox 888 829 927 858; x_wconf 87' lang='lat' dir='ltr'><strong>et</strong></span> <span class='ocrx_word' id='word_1_39' title='bbox 946 833 1122 859; x_wconf 84' lang='lat' dir='ltr'><strong>caussam</strong></span> <span class='ocrx_word' id='word_1_40' title='bbox 1139 823 1397 860; x_wconf 88' lang='lat' dir='ltr'><strong>commentavi</strong></span> <span class='ocrx_word' id='word_1_41' title='bbox 1408 852 1420 870; x_wconf 93' lang='lat'>‚</span> 
     </span>
     <span class='ocr_line' id='line_1_9' title="bbox 330 885 1523 938; baseline 0.001 -13"><span class='ocrx_word' id='word_1_42' title='bbox 330 889 385 925; x_wconf 89' lang='lat' dir='ltr'><strong>Ut</strong></span> <span class='ocrx_word' id='word_1_43' title='bbox 399 886 507 938; x_wconf 88' lang='lat' dir='ltr'><strong>apud</strong></span> <span class='ocrx_word' id='word_1_44' title='bbox 525 885 724 924; x_wconf 89' lang='lat' dir='ltr'><strong>aurificem</strong></span> <span class='ocrx_word' id='word_1_45' title='bbox 736 915 748 934; x_wconf 90' lang='lat'>,</span> <span class='ocrx_word' id='word_1_46' title='bbox 766 885 817 924; x_wconf 92' lang='lat' dir='ltr'><strong>ad</strong></span> <span class='ocrx_word' id='word_1_47' title='bbox 834 893 997 923; x_wconf 89' lang='lat' dir='ltr'><strong>matrem</strong></span> <span class='ocrx_word' id='word_1_48' title='bbox 1009 914 1020 932; x_wconf 90' lang='lat'>‚</span> <span class='ocrx_word' id='word_1_49' title='bbox 1041 893 1265 937; x_wconf 86' lang='lat' dir='ltr'><strong>cognatam,</strong></span> <span class='ocrx_word' id='word_1_50' title='bbox 1284 886 1335 924; x_wconf 83' lang='lat' dir='ltr'><strong>ad</strong></span> <span class='ocrx_word' id='word_1_51' title='bbox 1348 888 1523 926; x_wconf 88' lang='lat' dir='ltr'><strong>amicam.</strong></span> 
     </span>
     <span class='ocr_line' id='line_1_10' title="bbox 897 952 1011 988; baseline -0.009 0"><span class='ocrx_word' id='word_1_52' title='bbox 897 952 938 988; x_wconf 87' lang='lat' dir='ltr'><strong>X</strong></span> <span class='ocrx_word' id='word_1_53' title='bbox 949 952 968 987; x_wconf 91' lang='grc' dir='ltr'>Ι</span> <span class='ocrx_word' id='word_1_54' title='bbox 980 952 1011 987; x_wconf 89' lang='grc' dir='ltr'><strong>Ι.</strong></span> 
     </span>
     <span class='ocr_line' id='line_1_11' title="bbox 328 1015 1352 1067; baseline -0.001 -14"><span class='ocrx_word' id='word_1_55' title='bbox 328 1016 551 1067; x_wconf 89' lang='lat' dir='ltr'><strong>Improbior</strong></span> <span class='ocrx_word' id='word_1_56' title='bbox 568 1015 695 1054; x_wconf 86' lang='lat' dir='ltr'><strong>multo</strong></span> <span class='ocrx_word' id='word_1_57' title='bbox 708 1045 718 1062; x_wconf 88' lang='lat'>,</span> <span class='ocrx_word' id='word_1_58' title='bbox 739 1016 859 1067; x_wconf 73' lang='lat' dir='ltr'><strong>quam</strong></span> <span class='ocrx_word' id='word_1_59' title='bbox 878 1015 928 1053; x_wconf 89' lang='lat' dir='ltr'><strong>de</strong></span> <span class='ocrx_word' id='word_1_60' title='bbox 949 1029 1030 1067; x_wconf 88' lang='lat' dir='ltr'><strong>quo</strong></span> <span class='ocrx_word' id='word_1_61' title='bbox 1049 1015 1220 1053; x_wconf 86' lang='lat' dir='ltr'><strong>diximus</strong></span> <span class='ocrx_word' id='word_1_62' title='bbox 1237 1023 1325 1053; x_wconf 83' lang='lat' dir='ltr'><strong>ante</strong></span> <span class='ocrx_word' id='word_1_63' title='bbox 1341 1028 1352 1052; x_wconf 73' lang='grc' dir='ltr'><em>τ</em></span> 
     </span>
     <span class='ocr_line' id='line_1_12' title="bbox 328 1080 1387 1128; baseline 0 -10"><span class='ocrx_word' id='word_1_64' title='bbox 328 1084 484 1128; x_wconf 86' lang='lat' dir='ltr'><strong>Quanto</strong></span> <span class='ocrx_word' id='word_1_65' title='bbox 503 1080 704 1127; x_wconf 89' lang='lat' dir='ltr'><strong>blandior,</strong></span> <span class='ocrx_word' id='word_1_66' title='bbox 723 1080 799 1118; x_wconf 93' lang='lat' dir='ltr'><strong>hoc</strong></span> <span class='ocrx_word' id='word_1_67' title='bbox 819 1088 926 1118; x_wconf 80' lang='lat' dir='ltr'><strong>tanto</strong></span> <span class='ocrx_word' id='word_1_68' title='bbox 945 1080 1205 1118; x_wconf 82' lang='lat' dir='ltr'><strong>vehementiu&#39;</strong></span> <span class='ocrx_word' id='word_1_69' title='bbox 1222 1080 1387 1118; x_wconf 88' lang='lat' dir='ltr'><strong>mordet.</strong></span> 
     </span>
     <span class='ocr_line' id='line_1_13' title="bbox 875 1147 1020 1182; baseline -0.007 0"><span class='ocrx_word' id='word_1_70' title='bbox 875 1147 914 1182; x_wconf 92' lang='lat' dir='ltr'><strong>X</strong></span> <span class='ocrx_word' id='word_1_71' title='bbox 927 1147 945 1182; x_wconf 96' lang='lat' dir='ltr'><strong>I</strong></span> <span class='ocrx_word' id='word_1_72' title='bbox 957 1147 976 1181; x_wconf 97' lang='lat' dir='ltr'><strong>I</strong></span> <span class='ocrx_word' id='word_1_73' title='bbox 989 1147 1020 1182; x_wconf 95' lang='lat' dir='ltr'><strong>I.</strong></span> 
     </span>
    </p>

    <p class='ocr_par' dir='ltr' id='par_1_6' title="bbox 275 1207 1630 1375">
     <span class='ocr_line' id='line_1_14' title="bbox 329 1207 1630 1260; baseline 0.001 -14"><span class='ocrx_word' id='word_1_74' title='bbox 329 1209 407 1255; x_wconf 89' lang='lat' dir='ltr'><strong>Qui</strong></span> <span class='ocrx_word' id='word_1_75' title='bbox 424 1222 505 1247; x_wconf 92' lang='lat' dir='ltr'><strong>non</strong></span> <span class='ocrx_word' id='word_1_76' title='bbox 522 1217 767 1260; x_wconf 86' lang='lat' dir='ltr'><strong>exspectans,</strong></span> <span class='ocrx_word' id='word_1_77' title='bbox 787 1207 986 1260; x_wconf 86' lang='lat' dir='ltr'><strong>spectandi</strong></span> <span class='ocrx_word' id='word_1_78' title='bbox 1004 1208 1155 1255; x_wconf 85' lang='lat' dir='ltr'><strong>studio,</strong></span> <span class='ocrx_word' id='word_1_79' title='bbox 1175 1208 1244 1246; x_wconf 86' lang='lat' dir='ltr'><strong>sed</strong></span> <span class='ocrx_word' id='word_1_80' title='bbox 1263 1208 1432 1248; x_wconf 85' lang='lat' dir='ltr'><strong>hominis</strong></span> <span class='ocrx_word' id='word_1_81' title='bbox 1451 1210 1540 1248; x_wconf 88' lang='lat' dir='ltr'><strong>tetri</strong></span> <span class='ocrx_word' id='word_1_82' title='bbox 1555 1210 1630 1247; x_wconf 87' lang='lat' dir='ltr'><strong>im—</strong></span> 
     </span>
     <span class='ocr_line' id='line_1_15' title="bbox 275 1274 1049 1326; baseline -0.003 -14"><span class='ocrx_word' id='word_1_83' title='bbox 275 1274 391 1326; x_wconf 85' lang='lat' dir='ltr'><strong>pulsu</strong></span> <span class='ocrx_word' id='word_1_84' title='bbox 413 1274 619 1326; x_wconf 85' lang='lat' dir='ltr'><strong>ingressus.</strong></span> <span class='ocrx_word' id='word_1_85' title='bbox 1044 1312 1049 1318; x_wconf 73' lang='grc'>,</span> 
     </span>
     <span class='ocr_line' id='line_1_16' title="bbox 885 1339 1011 1375; baseline -0.008 0"><span class='ocrx_word' id='word_1_86' title='bbox 885 1339 925 1375; x_wconf 89' lang='lat' dir='ltr'>X</span> <span class='ocrx_word' id='word_1_87' title='bbox 936 1340 955 1375; x_wconf 94' lang='lat'>1</span> <span class='ocrx_word' id='word_1_88' title='bbox 964 1340 1011 1375; x_wconf 89' lang='lat' dir='ltr'><strong>V.</strong></span> 
     </span>
    </p>

    <p class='ocr_par' dir='ltr' id='par_1_7' title="bbox 329 1401 1299 1455">
     <span class='ocr_line' id='line_1_17' title="bbox 329 1401 1299 1455; baseline 0 -14"><span class='ocrx_word' id='word_1_89' title='bbox 329 1405 495 1455; x_wconf 86' lang='lat' dir='ltr'><strong>Sperans</strong></span> <span class='ocrx_word' id='word_1_90' title='bbox 515 1411 624 1441; x_wconf 87' lang='lat' dir='ltr'><strong>aetate</strong></span> <span class='ocrx_word' id='word_1_91' title='bbox 643 1402 820 1440; x_wconf 90' lang='lat' dir='ltr'><strong>eamdem</strong></span> <span class='ocrx_word' id='word_1_92' title='bbox 836 1401 919 1440; x_wconf 88' lang='lat' dir='ltr'><strong>haec</strong></span> <span class='ocrx_word' id='word_1_93' title='bbox 937 1402 1109 1454; x_wconf 88' lang='lat' dir='ltr'><strong>proferre</strong></span> <span class='ocrx_word' id='word_1_94' title='bbox 1129 1411 1299 1454; x_wconf 84' lang='lat' dir='ltr'><strong>potesset</strong></span> 
     </span>
    </p>

    <p class='ocr_par' dir='ltr' id='par_1_8' title="bbox 328 1468 883 1507">
     <span class='ocr_line' id='line_1_18' title="bbox 328 1468 883 1507; baseline -0.004 -1"><span class='ocrx_word' id='word_1_95' title='bbox 328 1471 511 1507; x_wconf 89' lang='lat' dir='ltr'><strong>Mansum</strong></span> <span class='ocrx_word' id='word_1_96' title='bbox 532 1481 580 1506; x_wconf 85' lang='lat' dir='ltr'><strong>ex</strong></span> <span class='ocrx_word' id='word_1_97' title='bbox 599 1481 666 1506; x_wconf 89' lang='lat' dir='ltr'><strong>ore</strong></span> <span class='ocrx_word' id='word_1_98' title='bbox 687 1468 883 1505; x_wconf 79' lang='lat' dir='ltr'><strong>datumm.</strong></span> 
     </span>
    </p>

    <p class='ocr_par' dir='ltr' id='par_1_9' title="bbox 898 1532 993 1568">
     <span class='ocr_line' id='line_1_19' title="bbox 898 1532 993 1568; baseline 0 0"><span class='ocrx_word' id='word_1_99' title='bbox 898 1532 993 1568; x_wconf 88' lang='lat' dir='ltr'><strong>XV.</strong></span> 
     </span>
    </p>

    <p class='ocr_par' dir='ltr' id='par_1_10' title="bbox 339 1595 1427 1635">
     <span class='ocr_line' id='line_1_20' title="bbox 339 1595 1427 1635; baseline 0 0"><span class='ocrx_word' id='word_1_100' title='bbox 339 1623 1042 1635; x_wconf 89' lang='grc'><strong>...........................</strong></span> <span class='ocrx_word' id='word_1_101' title='bbox 1063 1596 1127 1634; x_wconf 91' lang='lat' dir='ltr'><strong>Sic</strong></span> <span class='ocrx_word' id='word_1_102' title='bbox 1145 1596 1214 1634; x_wconf 90' lang='lat' dir='ltr'><strong>ubi</strong></span> <span class='ocrx_word' id='word_1_103' title='bbox 1233 1595 1282 1634; x_wconf 87' lang='lat' dir='ltr'><strong>ab</strong></span> <span class='ocrx_word' id='word_1_104' title='bbox 1300 1599 1427 1635; x_wconf 85' lang='lat' dir='ltr'><strong>aureis</strong></span> 
     </span>
    </p>

    <p class='ocr_par' dir='ltr' id='par_1_11' title="bbox 328 1651 1390 1714">
     <span class='ocr_line' id='line_1_21' title="bbox 328 1651 1390 1714; baseline -0.002 -14"><span class='ocrx_word' id='word_1_105' title='bbox 328 1665 447 1700; x_wconf 84' lang='lat' dir='ltr'><strong>Fama</strong></span> <span class='ocrx_word' id='word_1_106' title='bbox 465 1671 574 1700; x_wconf 84' lang='lat' dir='ltr'><strong>tuam</strong></span> <span class='ocrx_word' id='word_1_107' title='bbox 591 1675 765 1714; x_wconf 86' lang='lat' dir='ltr'><strong>pugnam</strong></span> <span class='ocrx_word' id='word_1_108' title='bbox 783 1661 925 1700; x_wconf 87' lang='lat' dir='ltr'><strong>claram</strong></span> <span class='ocrx_word' id='word_1_109' title='bbox 941 1660 1098 1698; x_wconf 90' lang='lat' dir='ltr'><strong>allatam</strong></span> <span class='ocrx_word' id='word_1_110' title='bbox 1117 1660 1294 1699; x_wconf 84' lang='lat' dir='ltr'><strong>dicasset.</strong></span> <span class='ocrx_word' id='word_1_111' title='bbox 1388 1651 1390 1654; x_wconf 39' lang='lat'>¹</span> 
     </span>
    </p>

    <p class='ocr_par' dir='ltr' id='par_1_12' title="bbox 883 1727 1008 1764">
     <span class='ocr_line' id='line_1_22' title="bbox 883 1727 1008 1764; baseline -0.008 -1"><span class='ocrx_word' id='word_1_112' title='bbox 883 1727 924 1763; x_wconf 88' lang='lat' dir='ltr'>X</span> <span class='ocrx_word' id='word_1_113' title='bbox 932 1727 967 1764; x_wconf 88' lang='lat' dir='ltr'><strong>V</strong></span> <span class='ocrx_word' id='word_1_114' title='bbox 977 1727 1008 1762; x_wconf 89' lang='lat'><strong>1.</strong></span> 
     </span>
    </p>

    <p class='ocr_par' dir='ltr' id='par_1_13' title="bbox 339 1789 1510 1829">
     <span class='ocr_line' id='line_1_23' title="bbox 339 1789 1510 1829; baseline 0 0"><span class='ocrx_word' id='word_1_115' title='bbox 339 1817 1120 1829; x_wconf 88' lang='grc'><strong>..............................</strong></span> <span class='ocrx_word' id='word_1_116' title='bbox 1142 1792 1285 1829; x_wconf 84' lang='lat' dir='ltr'><strong>Curare</strong></span> <span class='ocrx_word' id='word_1_117' title='bbox 1304 1789 1414 1829; x_wconf 84' lang='lat' dir='ltr'><strong>domi</strong></span> <span class='ocrx_word' id='word_1_118' title='bbox 1431 1790 1510 1829; x_wconf 83' lang='lat' dir='ltr'><strong>sint</strong></span> 
     </span>
    </p>

    <p class='ocr_par' dir='ltr' id='par_1_14' title="bbox 331 1855 1241 1907">
     <span class='ocr_line' id='line_1_24' title="bbox 331 1855 1241 1907; baseline -0.002 -13"><span class='ocrx_word' id='word_1_119' title='bbox 331 1856 499 1894; x_wconf 76' lang='lat' dir='ltr'><strong>Gordius</strong></span> <span class='ocrx_word' id='word_1_120' title='bbox 515 1885 527 1903; x_wconf 88' lang='lat'>‚</span> <span class='ocrx_word' id='word_1_121' title='bbox 546 1855 696 1894; x_wconf 88' lang='lat' dir='ltr'><strong>ancillae</strong></span> <span class='ocrx_word' id='word_1_122' title='bbox 708 1885 719 1903; x_wconf 91' lang='lat'>‚</span> <span class='ocrx_word' id='word_1_123' title='bbox 738 1855 874 1907; x_wconf 87' lang='lat' dir='ltr'><strong>pueri,</strong></span> <span class='ocrx_word' id='word_1_124' title='bbox 891 1855 1082 1901; x_wconf 84' lang='lat' dir='ltr'><strong>zonariu’,</strong></span> <span class='ocrx_word' id='word_1_125' title='bbox 1102 1862 1241 1892; x_wconf 86' lang='lat' dir='ltr'><strong>textor.</strong></span> 
     </span>
    </p>

    <p class='ocr_par' dir='ltr' id='par_1_15' title="bbox 871 1921 1585 1973">
     <span class='ocr_line' id='line_1_25' title="bbox 871 1921 1585 1973; baseline 0 -17"><span class='ocrx_word' id='word_1_126' title='bbox 871 1921 984 1956; x_wconf 72' lang='grc' dir='ltr'><strong>ΧΠ</strong></span> <span class='ocrx_word' id='word_1_127' title='bbox 996 1921 1027 1956; x_wconf 90' lang='lat'><strong>1.</strong></span> <span class='ocrx_word' id='word_1_128' title='bbox 1581 1970 1585 1973; x_wconf 44' lang='lat'><strong>.</strong></span> 
     </span>
    </p>

    <p class='ocr_par' dir='ltr' id='par_1_16' title="bbox 278 1982 1630 2087">
     <span class='ocr_line' id='line_1_26' title="bbox 331 1982 1630 2038; baseline 0.002 -17"><span class='ocrx_word' id='word_1_129' title='bbox 331 1984 406 2021; x_wconf 89' lang='lat' dir='ltr'><strong>Cui</strong></span> <span class='ocrx_word' id='word_1_130' title='bbox 432 1984 502 2021; x_wconf 86' lang='lat' dir='ltr'><strong>ubi</strong></span> <span class='ocrx_word' id='word_1_131' title='bbox 531 1984 781 2022; x_wconf 85' lang='lat' dir='ltr'><strong>deciminutia</strong></span> <span class='ocrx_word' id='word_1_132' title='bbox 812 1997 909 2022; x_wconf 89' lang='lat' dir='ltr'><strong>meae</strong></span> <span class='ocrx_word' id='word_1_133' title='bbox 938 1983 1142 2036; x_wconf 85' lang='lat' dir='ltr'><strong>epiteginae</strong></span> <span class='ocrx_word' id='word_1_134' title='bbox 1165 1983 1348 2036; x_wconf 88' lang='lat' dir='ltr'><strong>appepeli</strong></span> <span class='ocrx_word' id='word_1_135' title='bbox 1371 1982 1488 2036; x_wconf 84' lang='lat' dir='ltr'><strong>longe</strong></span> <span class='ocrx_word' id='word_1_136' title='bbox 1513 1998 1630 2038; x_wconf 84' lang='lat' dir='ltr'><strong>opera</strong></span> 
     </span>
     <span class='ocr_line' id='line_1_27' title="bbox 278 2048 619 2087; baseline -0.006 0"><span class='ocrx_word' id='word_1_137' title='bbox 278 2056 366 2087; x_wconf 84' lang='lat' dir='ltr'><strong>ante</strong></span> <span class='ocrx_word' id='word_1_138' title='bbox 384 2048 458 2086; x_wconf 88' lang='lat' dir='ltr'><strong>alia</strong></span> <span class='ocrx_word' id='word_1_139' title='bbox 476 2048 619 2086; x_wconf 83' lang='lat' dir='ltr'><strong>omnia.</strong></span> 
     </span>
    </p>
   </div>
   <div class='ocr_carea' id='block_1_6' title="bbox 282 2183 1631 2612">
    <p class='ocr_par' dir='ltr' id='par_1_17' title="bbox 282 2183 1631 2612">
     <span class='ocr_line' id='line_1_28' title="bbox 329 2183 1628 2227; baseline 0.001 -11"><span class='ocrx_word' id='word_1_140' title='bbox 329 2197 361 2227; x_wconf 85' lang='lat'><strong>9.</strong></span> <span class='ocrx_word' id='word_1_141' title='bbox 373 2185 525 2217; x_wconf 78' lang='lat' dir='ltr'><strong>Nonius:</strong></span> <span class='ocrx_word' id='word_1_142' title='bbox 539 2183 678 2222; x_wconf 86' lang='lat' dir='ltr'><strong>Micare,</strong></span> <span class='ocrx_word' id='word_1_143' title='bbox 691 2194 752 2226; x_wconf 87' lang='lat' dir='ltr'><strong>per</strong></span> <span class='ocrx_word' id='word_1_144' title='bbox 760 2184 849 2214; x_wconf 82' lang='lat' dir='ltr'><strong>vices</strong></span> <span class='ocrx_word' id='word_1_145' title='bbox 860 2183 930 2215; x_wconf 86' lang='lat' dir='ltr'><strong>sine</strong></span> <span class='ocrx_word' id='word_1_146' title='bbox 1034 2195 1047 2214; x_wconf 82' lang='lat'><strong>1</strong></span> <span class='ocrx_word' id='word_1_147' title='bbox 1056 2195 1086 2214; x_wconf 89' lang='lat'><strong>2.</strong></span> <span class='ocrx_word' id='word_1_148' title='bbox 1104 2184 1238 2215; x_wconf 85' lang='lat' dir='ltr'><strong>Nonius</strong></span> <span class='ocrx_word' id='word_1_149' title='bbox 1250 2196 1257 2215; x_wconf 90' lang='lat'>:</span> <span class='ocrx_word' id='word_1_150' title='bbox 1273 2186 1482 2227; x_wconf 83' lang='lat' dir='ltr'><strong>Improbum,</strong></span> <span class='ocrx_word' id='word_1_151' title='bbox 1496 2197 1628 2219; x_wconf 73' lang='lat' dir='ltr'><strong>saevum.</strong></span> 
     </span>
     <span class='ocr_line' id='line_1_29' title="bbox 282 2238 1631 2270; baseline 0 0"><span class='ocrx_word' id='word_1_152' title='bbox 282 2240 400 2270; x_wconf 85' lang='lat' dir='ltr'><strong>ordine</strong></span> <span class='ocrx_word' id='word_1_153' title='bbox 418 2249 560 2269; x_wconf 85' lang='lat' dir='ltr'><strong>movere.</strong></span> <span class='ocrx_word' id='word_1_154' title='bbox 1033 2238 1085 2267; x_wconf 87' lang='lat'><strong>13.</strong></span> <span class='ocrx_word' id='word_1_155' title='bbox 1105 2238 1255 2268; x_wconf 84' lang='lat' dir='ltr'><strong>Nouius:</strong></span> <span class='ocrx_word' id='word_1_156' title='bbox 1273 2240 1400 2270; x_wconf 82' lang='lat' dir='ltr'><strong>Tecrum</strong></span> <span class='ocrx_word' id='word_1_157' title='bbox 1418 2239 1541 2270; x_wconf 86' lang='lat' dir='ltr'><strong>dicitur</strong></span> <span class='ocrx_word' id='word_1_158' title='bbox 1553 2240 1631 2270; x_wconf 81' lang='lat' dir='ltr'><strong>illu-</strong></span> 
     </span>
     <span class='ocr_line' id='line_1_30' title="bbox 332 2290 1309 2339; baseline -0.005 -9"><span class='ocrx_word' id='word_1_159' title='bbox 332 2310 388 2330; x_wconf 85' lang='lat'><strong>10.</strong></span> <span class='ocrx_word' id='word_1_160' title='bbox 401 2298 546 2330; x_wconf 82' lang='lat' dir='ltr'><strong>Nonius:</strong></span> <span class='ocrx_word' id='word_1_161' title='bbox 562 2296 684 2328; x_wconf 83' lang='lat' dir='ltr'><strong>Anima</strong></span> <span class='ocrx_word' id='word_1_162' title='bbox 694 2296 817 2328; x_wconf 80' lang='lat' dir='ltr'><strong>iterum</strong></span> <span class='ocrx_word' id='word_1_163' title='bbox 828 2297 930 2339; x_wconf 85' lang='lat' dir='ltr'><strong>sigm&#39;-</strong></span> <span class='ocrx_word' id='word_1_164' title='bbox 979 2290 1108 2321; x_wconf 79' lang='lat' dir='ltr'><strong>Vi0⁵11m</strong></span> <span class='ocrx_word' id='word_1_165' title='bbox 1122 2312 1131 2328; x_wconf 83' lang='lat'>‚</span> <span class='ocrx_word' id='word_1_166' title='bbox 1145 2290 1309 2321; x_wconf 75' lang='lat' dir='ltr'><strong>foetidum·</strong></span> 
     </span>
     <span class='ocr_line' id='line_1_31' title="bbox 282 2349 1631 2389; baseline -0.001 -5"><span class='ocrx_word' id='word_1_167' title='bbox 282 2353 362 2385; x_wconf 76' lang='lat' dir='ltr'><strong>{icat</strong></span> <span class='ocrx_word' id='word_1_168' title='bbox 370 2350 637 2389; x_wconf 82' lang='lat' dir='ltr'><strong>iracundum‚vel</strong></span> <span class='ocrx_word' id='word_1_169' title='bbox 647 2350 827 2381; x_wconf 80' lang='lat' dir='ltr'><strong>furiosum:</strong></span> <span class='ocrx_word' id='word_1_170' title='bbox 839 2350 930 2381; x_wconf 88' lang='lat' dir='ltr'><strong>unde</strong></span> <span class='ocrx_word' id='word_1_171' title='bbox 1034 2361 1046 2380; x_wconf 89' lang='lat'>1</span> <span class='ocrx_word' id='word_1_172' title='bbox 1055 2355 1086 2386; x_wconf 74' lang='lat'><strong>4.</strong></span> <span class='ocrx_word' id='word_1_173' title='bbox 1102 2349 1235 2381; x_wconf 81' lang='lat' dir='ltr'><strong>Nonius</strong></span> <span class='ocrx_word' id='word_1_174' title='bbox 1249 2360 1257 2380; x_wconf 71' lang='grc' dir='ltr'><strong><em>ε</em></strong></span> <span class='ocrx_word' id='word_1_175' title='bbox 1275 2350 1425 2380; x_wconf 79' lang='lat' dir='ltr'><strong>Mansum</strong></span> <span class='ocrx_word' id='word_1_176' title='bbox 1434 2372 1446 2388; x_wconf 90' lang='lat'><em>,</em></span> <span class='ocrx_word' id='word_1_177' title='bbox 1466 2350 1631 2382; x_wconf 82' lang='lat' dir='ltr'><strong>manden-</strong></span> 
     </span>
     <span class='ocr_line' id='line_1_32' title="bbox 284 2401 1354 2446; baseline -0.003 -11"><span class='ocrx_word' id='word_1_178' title='bbox 284 2411 316 2435; x_wconf 62' lang='grc' dir='ltr'><strong>οἵ</strong></span> <span class='ocrx_word' id='word_1_179' title='bbox 326 2402 470 2434; x_wconf 84' lang='lat' dir='ltr'><strong>animosi</strong></span> <span class='ocrx_word' id='word_1_180' title='bbox 478 2401 639 2432; x_wconf 84' lang='lat' dir='ltr'><strong>dicuntur</strong></span> <span class='ocrx_word' id='word_1_181' title='bbox 650 2401 814 2432; x_wconf 83' lang='lat' dir='ltr'><strong>iracundi.</strong></span> <span class='ocrx_word' id='word_1_182' title='bbox 823 2401 929 2432; x_wconf 87' lang='lat' dir='ltr'><strong>Idem:</strong></span> <span class='ocrx_word' id='word_1_183' title='bbox 984 2402 1066 2433; x_wconf 84' lang='lat' dir='ltr'><strong>dum</strong></span> <span class='ocrx_word' id='word_1_184' title='bbox 1083 2408 1142 2446; x_wconf 75' lang='lat' dir='ltr'><strong>aut</strong></span> <span class='ocrx_word' id='word_1_185' title='bbox 1160 2408 1354 2432; x_wconf 81' lang='lat' dir='ltr'><strong>mansatum.</strong></span> 
     </span>
     <span class='ocr_line' id='line_1_33' title="bbox 285 2456 1630 2501; baseline -0.004 -12"><span class='ocrx_word' id='word_1_186' title='bbox 285 2458 438 2500; x_wconf 81' lang='lat' dir='ltr'><strong>Subigere</strong></span> <span class='ocrx_word' id='word_1_187' title='bbox 448 2479 458 2495; x_wconf 93' lang='lat'><strong>,</strong></span> <span class='ocrx_word' id='word_1_188' title='bbox 475 2456 602 2488; x_wconf 79' lang='lat' dir='ltr'><strong>molliri</strong></span> <span class='ocrx_word' id='word_1_189' title='bbox 614 2456 667 2487; x_wconf 85' lang='lat' dir='ltr'><strong>vel</strong></span> <span class='ocrx_word' id='word_1_190' title='bbox 684 2467 846 2487; x_wconf 76' lang='lat' dir='ltr'><strong>exercere.</strong></span> <span class='ocrx_word' id='word_1_191' title='bbox 1037 2462 1090 2493; x_wconf 77' lang='lat'><strong>15,</strong></span> <span class='ocrx_word' id='word_1_192' title='bbox 1117 2461 1249 2493; x_wconf 64' lang='lat' dir='ltr'><strong>Nonius</strong></span> <span class='ocrx_word' id='word_1_193' title='bbox 1266 2473 1274 2492; x_wconf 71' lang='lat'>2</span> <span class='ocrx_word' id='word_1_194' title='bbox 1297 2460 1418 2492; x_wconf 64' lang='lat' dir='ltr'><strong>Diem-e</strong></span> <span class='ocrx_word' id='word_1_195' title='bbox 1428 2484 1440 2498; x_wconf 74' lang='lat'>‚</span> <span class='ocrx_word' id='word_1_196' title='bbox 1463 2462 1609 2494; x_wconf 60' lang='lat' dir='ltr'><strong>indicare</strong></span> <span class='ocrx_word' id='word_1_197' title='bbox 1620 2486 1630 2501; x_wconf 64' lang='lat'>,</span> 
     </span>
     <span class='ocr_line' id='line_1_34' title="bbox 338 2515 1153 2570; baseline -0.001 -10"><span class='ocrx_word' id='word_1_198' title='bbox 338 2541 350 2559; x_wconf 87' lang='lat'>1</span> <span class='ocrx_word' id='word_1_199' title='bbox 362 2541 391 2560; x_wconf 86' lang='lat'><strong>1.</strong></span> <span class='ocrx_word' id='word_1_200' title='bbox 414 2529 547 2560; x_wconf 83' lang='lat' dir='ltr'><strong>Nonius</strong></span> <span class='ocrx_word' id='word_1_201' title='bbox 566 2540 575 2559; x_wconf 86' lang='lat'>:</span> <span class='ocrx_word' id='word_1_202' title='bbox 595 2527 697 2570; x_wconf 82' lang='lat' dir='ltr'><strong>Apud</strong></span> <span class='ocrx_word' id='word_1_203' title='bbox 710 2551 723 2566; x_wconf 92' lang='lat'>,</span> <span class='ocrx_word' id='word_1_204' title='bbox 747 2528 799 2560; x_wconf 89' lang='lat' dir='ltr'><strong>ad.</strong></span> <span class='ocrx_word' id='word_1_205' title='bbox 818 2546 866 2551; x_wconf 90' lang='lat'>—</span> <span class='ocrx_word' id='word_1_206' title='bbox 881 2527 934 2560; x_wconf 82' lang='lat' dir='ltr'><strong>sic</strong></span> <span class='ocrx_word' id='word_1_207' title='bbox 986 2515 1153 2547; x_wconf 55' lang='lat' dir='ltr'><strong>mmmm·</strong></span> 
     </span>
     <span class='ocr_line' id='line_1_35' title="bbox 286 2574 1631 2612; baseline -0.003 -3"><span class='ocrx_word' id='word_1_208' title='bbox 286 2582 305 2612; x_wconf 88' lang='lat' dir='ltr'><strong>J</strong></span> <span class='ocrx_word' id='word_1_209' title='bbox 310 2592 408 2612; x_wconf 82' lang='lat' dir='ltr'><strong>uven.</strong></span> <span class='ocrx_word' id='word_1_210' title='bbox 427 2588 475 2612; x_wconf 80' lang='lat' dir='ltr'><strong>sat</strong></span> <span class='ocrx_word' id='word_1_211' title='bbox 487 2583 535 2612; x_wconf 83' lang='lat' dir='ltr'><strong>VI</strong></span> <span class='ocrx_word' id='word_1_212' title='bbox 548 2593 555 2611; x_wconf 94' lang='lat'>:</span> <span class='ocrx_word' id='word_1_213' title='bbox 1039 2587 1051 2606; x_wconf 84' lang='lat' dir='ltr'>x</span> <span class='ocrx_word' id='word_1_214' title='bbox 1059 2575 1091 2606; x_wconf 80' lang='lat'><strong>6.</strong></span> <span class='ocrx_word' id='word_1_215' title='bbox 1103 2575 1250 2607; x_wconf 86' lang='lat' dir='ltr'><strong>Nonius:</strong></span> <span class='ocrx_word' id='word_1_216' title='bbox 1261 2574 1402 2606; x_wconf 65' lang='lat' dir='ltr'><strong>Gordius.</strong></span> <span class='ocrx_word' id='word_1_217' title='bbox 1414 2575 1613 2608; x_wconf 69' lang='lat' dir='ltr'><strong>Glossarium</strong></span> <span class='ocrx_word' id='word_1_218' title='bbox 1621 2588 1631 2608; x_wconf 78' lang='lat' dir='ltr'><strong><em>z</em></strong></span> 
     </span>
    </p>
   </div>
   <div class='ocr_carea' id='block_1_7' title="bbox 287 2625 1633 2734">
    <p class='ocr_par' dir='ltr' id='par_1_18' title="bbox 287 2625 1633 2734">
     <span class='ocr_line' id='line_1_36' title="bbox 287 2625 1448 2685; baseline -0.003 -9"><span class='ocrx_word' id='word_1_219' title='bbox 287 2652 328 2676; x_wconf 78' lang='lat' dir='ltr'><strong>Ad</strong></span> <span class='ocrx_word' id='word_1_220' title='bbox 340 2652 464 2677; x_wconf 72' lang='lat' dir='ltr'><strong>moechum</strong></span> <span class='ocrx_word' id='word_1_221' title='bbox 477 2651 564 2678; x_wconf 77' lang='lat' dir='ltr'><strong>veniet</strong></span> <span class='ocrx_word' id='word_1_222' title='bbox 574 2650 628 2677; x_wconf 63' lang='lat' dir='ltr'><strong>lota</strong></span> <span class='ocrx_word' id='word_1_223' title='bbox 638 2657 697 2677; x_wconf 63' lang='lat' dir='ltr'><strong>cute</strong></span> <span class='ocrx_word' id='word_1_224' title='bbox 707 2662 713 2676; x_wconf 72' lang='grc' dir='ltr'><strong>ε</strong></span> <span class='ocrx_word' id='word_1_225' title='bbox 727 2652 831 2685; x_wconf 73' lang='lat' dir='ltr'><strong>quando</strong></span> <span class='ocrx_word' id='word_1_226' title='bbox 841 2651 925 2677; x_wconf 81' lang='lat' dir='ltr'><strong>videri</strong></span> <span class='ocrx_word' id='word_1_227' title='bbox 988 2625 1120 2675; x_wconf 59' lang='grc' dir='ltr'>Γέρὸιος</span> <span class='ocrx_word' id='word_1_228' title='bbox 1142 2627 1283 2673; x_wconf 64' lang='grc' dir='ltr'>ὑφαντής</span> <span class='ocrx_word' id='word_1_229' title='bbox 1293 2652 1305 2670; x_wconf 65' lang='grc' dir='ltr'><strong>θ</strong></span> <span class='ocrx_word' id='word_1_230' title='bbox 1325 2635 1448 2660; x_wconf 64' lang='lat' dir='ltr'><strong>teXtor‘</strong></span> 
     </span>
     <span class='ocr_line' id='line_1_37' title="bbox 289 2688 1633 2734; baseline 0.002 -11"><span class='ocrx_word' id='word_1_231' title='bbox 289 2699 473 2725; x_wconf 56' lang='lat' dir='ltr'><strong>nummo..</strong></span> <span class='ocrx_word' id='word_1_232' title='bbox 485 2700 572 2725; x_wconf 58' lang='lat' dir='ltr'><strong>doma?</strong></span> <span class='ocrx_word' id='word_1_233' title='bbox 585 2700 691 2727; x_wconf 64' lang='lat' dir='ltr'><strong>mem.</strong></span> <span class='ocrx_word' id='word_1_234' title='bbox 702 2699 791 2727; x_wconf 74' lang='lat' dir='ltr'><strong>soum</strong></span> <span class='ocrx_word' id='word_1_235' title='bbox 801 2706 934 2734; x_wconf 66' lang='lat' dir='ltr'><strong>pamm.</strong></span> <span class='ocrx_word' id='word_1_236' title='bbox 1040 2700 1101 2730; x_wconf 51' lang='lat'><strong>17„</strong></span> <span class='ocrx_word' id='word_1_237' title='bbox 1111 2688 1257 2721; x_wconf 71' lang='lat' dir='ltr'><strong>Nomius:</strong></span> <span class='ocrx_word' id='word_1_238' title='bbox 1271 2690 1398 2732; x_wconf 75' lang='lat' dir='ltr'><strong>Longe,</strong></span> <span class='ocrx_word' id='word_1_239' title='bbox 1413 2689 1510 2733; x_wconf 72' lang='lat' dir='ltr'><strong>etiam</strong></span> <span class='ocrx_word' id='word_1_240' title='bbox 1527 2688 1633 2721; x_wconf 76' lang='lat' dir='ltr'><strong>valde.</strong></span> 
     </span>
    </p>
   </div>
   <div class='ocr_carea' id='block_1_8' title="bbox 1834 2165 1846 2904">
    <p class='ocr_par' dir='ltr' id='par_1_19' title="bbox 1834 2165 1846 2904">
     <span class='ocr_line' id='line_1_38' title="bbox 1834 2165 1846 2904; textangle 90"><span class='ocrx_word' id='word_1_241' title='bbox 1834 2539 1846 2904; x_wconf 43' lang='lat' dir='ltr'><strong>„flamm-:mmmm</strong></span> <span class='ocrx_word' id='word_1_242' title='bbox 1839 2373 1846 2527; x_wconf 45' lang='grc' dir='ltr'><strong>...Δη-κ-,ῳ</strong></span> <span class='ocrx_word' id='word_1_243' title='bbox 1838 2349 1846 2359; x_wconf 61' lang='lat' dir='ltr'><strong>:v</strong></span> <span class='ocrx_word' id='word_1_244' title='bbox 1843 2307 1846 2329; x_wconf 82' lang='grc'><strong>.-.</strong></span> <span class='ocrx_word' id='word_1_245' title='bbox 1842 2247 1846 2262; x_wconf 72' lang='grc'><strong>,.</strong></span> <span class='ocrx_word' id='word_1_246' title='bbox 1844 2211 1846 2214; x_wconf 93' lang='grc'>.</span> <span class='ocrx_word' id='word_1_247' title='bbox 1842 2165 1846 2168; x_wconf 93' lang='grc'><em>.</em></span> 
     </span>
    </p>
   </div>
  </div>
 </body>
</html>
