1846 3184
257 314 342 358 232

521 316 568 358 C.
591 315 865 360 LUCILII
899 316 1322 361 FRAGMENTA

837 380 1026 438 xL‘m.

308 464 411 501 Tum
430 474 539 514 spara
551 491 561 509 ,
579 471 665 500 tum
679 465 849 501 rumices
865 467 1071 515 p'ortantur
1083 493 1095 512 ‚
1112 466 1260 517 tragula
1279 478 1411 517 porro.

842 531 880 566 X
892 531 923 565 L
935 532 954 566 I
964 532 1012 567 V.

308 594 529 630 Varronum
542 620 552 639 ‚
571 604 615 629 ac
631 592 815 643 rupicum
833 605 1056 643 squar-rosa,
1078 595 1276 635 incondita
1294 604 1429 634 rostra.

859 656 898 695 X
912 661 1000 696 LV.

308 724 364 760 Ut
379 721 483 760 veles
501 721 638 768 bonu’,
659 720 732 759 sub
749 722 869 759 vitem
888 723 958 774 qui
976 723 1134 761 sumicit
1149 723 1288 762 hastas.

509 792 513 797 '
849 788 888 824 X
900 789 932 824 L
942 789 978 824 V
987 788 1019 825 1.

311 852 352 891 Si
366 864 459 889 vero
475 850 544 888 das
554 878 565 897 ,
581 850 692 902 quod
706 859 816 902 rogat
830 879 840 896 ‚
859 859 898 888 et
915 852 949 888 si
967 852 1132 903 suggeri’
1150 864 1311 904 suppus.

835 916 874 952 X
885 916 917 951 L
925 918 961 953 V
970 917 989 952 1
1001 918 1034 953 Ι.

312 980 520 1032 Tapullam
542 979 671 1018 rident
688 979 815 1031 legem
834 992 1008 1018 concerae
1027 980 1174 1031 Opimi.

816 1046 854 1082 X
868 1047 899 1082 L
908 1048 943 1082 V
953 1047 971 1081 I
985 1047 1004 1082 I
1017 1047 1047 1082 1.

312 1111 438 1148 Nemo
454 1109 518 1147 hic
536 1108 723 1147 vindicias
735 1137 745 1155 ,
763 1121 910 1147 numen
921 1138 932 1155 ‚
949 1122 1078 1160 neque
1098 1121 1202 1147 sacra
1215 1118 1384 1148 veretur.

787 1178 793 1186 ⁴
844 1175 883 1211 X
896 1177 928 1212 L
937 1175 958 1211 1
970 1175 1022 1211 X.

314 1239 461 1278 Pascali
481 1252 623 1290 pecore
644 1252 688 1277 ac
707 1247 894 1277 montano
906 1268 917 1286 ‚
938 1238 1041 1277 hirto
1059 1248 1179 1298 atque
1197 1239 1339 1278 soloce.

914 1306 958 1341 L.

273 1378 280 1382 ·
315 1369 382 1406 Uti
400 1369 586 1407 esurienti
604 1368 710 1407 leoni
727 1382 775 1406 ex
793 1381 859 1407 ore
884 1367 1110 1420 exsculpere
1129 1368 1313 1420 praedam.

902 1435 933 1470 L
949 1436 980 1470 I.

316 1500 543 1544 Intereunt‚
563 1498 774 1544 labuntur,
792 1506 936 1536 euntur
955 1497 1085 1535 omnia
1102 1510 1271 1535 versum.

888 1565 920 1600 L
932 1565 951 1599 I
963 1565 996 1599 I.

317 1627 430 1666 Velle
448 1627 609 1666 tolutim
626 1627 690 1665 hic
711 1640 866 1679 semper
883 1627 1116 1678 incoepturu'
1135 1625 1300 1664 videtur.

873 1693 905 1728 L
917 1694 936 1728 I
949 1694 967 1728 Ι
981 1693 1013 1728 Ι.

319 1757 501 1796 Haerebat
519 1769 659 1795 mucro
677 1756 852 1809 gladium
873 1756 913 1793 in
933 1764 1090 1807 pectore
1109 1764 1251 1793 totum.

883 1812 948 1859 Lf1
957 1823 1004 1858 v.

321 1887 419 1925 Saxa
438 1895 476 1923 et
497 1882 639 1924 stridor
656 1886 727 1924 ubi
748 1894 864 1937 atque
886 1893 1023 1932 erunt,
1042 1885 1138 1923 dum
1157 1884 1294 1923 sibilus
1312 1884 1463 1923 institis.

316 2011 371 2047 43.
398 2013 534 2041 Festus:
561 2011 686 2051 Spara,
706 2010 838 2040 minimi
861 2021 920 2052 ge-

269 2065 359 2095 neris
379 2064 504 2105 jacula,
521 2075 539 2094 a
563 2063 741 2105 spargendo
769 2063 921 2094 dicta.—

269 2113 395 2149 Rumex
403 2140 415 2155 ,
433 2128 538 2160 genus
555 2117 626 2148 teli.

319 2176 374 2208 44.
393 2174 526 2203 Festus:
543 2170 734 2212 Squarrosi,
752 2170 793 2201 ab
807 2170 921 2201 eadem

270 2235 482 2267 squamarum
520 2224 665 2266 piscium
702 2223 921 2254 similitudine

271 2278 353 2309 dicti
363 2301 372 2316 ,
382 2288 527 2320 quorum
540 2277 625 2308 cutis
635 2278 799 2320 exsurgit,
813 2277 858 2309 ob
871 2289 920 2309 as-

270 2332 400 2363 siduam
411 2332 571 2364 illuviem.
580 2331 767 2373 -Rupices
775 2354 786 2369 ,
800 2331 877 2362 duri
892 2339 925 2362 et

272 2394 429 2428 agrestes.

323 2441 377 2476 45.
397 2440 520 2471 Paulus
539 2451 580 2471 ex
598 2441 695 2482 Festo
711 2450 719 2469 :
735 2439 803 2470 -Sub
822 2437 925 2469 vitem

275 2492 384 2524 hastas
392 2494 509 2537 jacere
521 2494 645 2524 dicitur
657 2493 747 2524 veles
756 2515 767 2531 ‚
781 2491 857 2524 cum
872 2503 925 2523 eas

274 2547 338 2577 sub
355 2558 458 2578 manu
474 2558 608 2578 sursum
626 2547 736 2577 mittit.

325 2600 379 2634 46.
399 2602 514 2630 Festus
531 2611 538 2630 :
559 2601 701 2641 Suppum
725 2599 854 2640 antiqui
873 2598 927 2629 di-

278 2649 414 2689 cebant,
430 2664 531 2693 quem
549 2663 641 2684 nunc
659 2652 823 2694 supinum
841 2652 926 2684 dici-

277 2715 351 2734 mus
369 2716 410 2735 ex
428 2707 554 2738 Graeco.

326 2762 342 2793 4
352 2767 379 2797 7.
391 2759 523 2790 Festus:
545 2760 713 2802 Tapullam
727 2760 825 2803 legem
841 2770 925 2792 con-

973 2010 1127 2042 vivialem
1154 2009 1234 2041 ficto
1263 2010 1402 2042 nomine
1429 2010 1625 2054 conseripsit

971 2065 1091 2107 jocoso
1105 2065 1248 2096 carmine
1256 2065 1408 2096 Valerius
1415 2065 1625 2096 Valentinus·

1023 2119 1079 2154 48.
1094 2120 1227 2149 Festus:
1246 2118 1278 2146 V
1275 2117 1404 2148 indicioe
1416 2118 1625 2160 appellantur

974 2181 1026 2201 res
1044 2181 1109 2208 eae,
1122 2171 1163 2202 de
1181 2170 1303 2212 quihus
1322 2166 1547 2202 contro'versia
1565 2178 1622 2201 est.

1024 2229 1078 2263 49.
1103 2226 1218 2254 Festus
1235 2235 1243 2254 ε
1265 2224 1385 2260 Solox,
1403 2224 1479 2257 lana
1502 2233 1627 2260 crassa,

974 2276 1028 2307 vel
1041 2287 1143 2318 pecus
1161 2275 1235 2306 lana
1254 2283 1454 2307 contectum.

1026 2329 1078 2360 50.
1093 2329 1183 2359 Non.
1193 2329 1388 2370 liz-sculpere
1395 2351 1406 2365 ‚
1415 2335 1627 2370 extorquere.

1027 2383 1046 2412 5
1055 2393 1081 2412 1.
1094 2381 1225 2414 Nouius
1237 2393 1244 2412 :
1258 2381 1403 2425 Incerfici
1414 2388 1446 2412 et
1461 2382 1570 2412 occidi
1585 2383 1627 2413 ad

978 2436 1160 2466 inanimata
1174 2442 1299 2466 veteres
1311 2434 1501 2466 vehementi
1514 2441 1630 2466 aueto-

978 2490 1073 2520 ritate
1090 2495 1286 2532 posuerunt.
1552 2481 1553 2484 Ἰ

1028 2543 1081 2574 51.
1091 2543 1222 2575 Nonius
1230 2553 1237 2573 ι
1252 2541 1385 2573 Tolutim
1393 2541 1526 2580 dicitur,
1533 2542 1629 2583 quasi

980 2597 1120 2629 volutim
1129 2620 1138 2635 ‚
1150 2597 1202 2628 vel
1214 2594 1416 2628 volubiliter.

1029 2652 1083 2682 53.
1101 2651 1195 2683 Non.x
1201 2649 1353 2681 Gladium
1366 2649 1478 2680 neutri
1491 2648 1629 2691 generis.

1028 2705 1085 2741 54.
1108 2704 1266 2737 Nouius:
1288 2702 1420 2742 Sibilus,
1442 2702 1630 2736 masculino

981 2768 1108 2802 genere.
