1846 3184
358 288 440 338 144

702 287 754 328 A.
787 286 1045 329 PERSII
1085 287 1337 331 FLACCI

415 369 491 412 Nil
512 369 594 412 tibi
610 371 819 413 concessit
837 371 967 413 ratio:
988 371 1170 431 digitum
1190 387 1314 415 exere
1328 404 1340 425 ‚
1359 385 1523 430 peccas.

411 447 468 488 Et
484 445 591 504 quid
607 457 693 489 tam
708 462 890 505 parvum
905 447 998 490 est?
1016 447 1099 490 Sed
1118 448 1239 491 nullo
1257 449 1384 491 thure
1401 448 1543 491 litabis
1553 479 1565 501 ‚

1640 466 1708 489 120

411 524 582 566 Haereat
598 524 643 565 in
661 525 802 566 stultis
820 524 961 566 brevis
979 536 1030 567 ut
1047 525 1265 568 semuncia
1282 525 1401 568 recti.

414 601 517 643 Haec
535 600 715 643 miscere
736 600 878 654 nefas;
897 616 975 642 nec
987 634 999 654 ,
1019 604 1120 643 cum
1139 603 1195 644 sis
1217 613 1367 644 caetera
1386 602 1544 655 fossor,

354 742 419 764 seu
433 729 597 770 aviculis,
609 740 716 775 quos,
727 730 812 761 cum
825 729 1006 775 aufugere,

354 793 417 818 aut
427 784 568 817 evolare
579 782 689 829 paulo
701 782 844 828 longius
854 791 1007 825 tentant,

354 838 521 872 funiculo
540 838 690 870 innexos
711 848 935 870 revocamus.
965 837 1006 869 P.

406 904 421 925 1
431 903 482 935 19.
495 890 554 923 Nil
571 892 629 923 tibi
645 891 799 922 concessit
815 892 926 934 ratim]
940 889 1008 923 Hic

355 944 533 991 prolepsis
550 952 616 977 est.
632 944 742 976 Dama
757 942 854 976 euim
869 950 1008 989 poterat

355 998 512 1045 objicere
528 1011 537 1031 :
567 1009 642 1030 non
671 1009 752 1030 sum
783 996 933 1043 quidem
967 997 1007 1030 in

355 1061 474 1086 totum
486 1051 645 1098 sapiens;
660 1052 798 1098 sapiens
808 1059 927 1084 tamen
942 1063 1007 1096 ego

353 1105 448 1139 satis.
481 1105 600 1147 Quam
634 1104 878 1150 objectionem
908 1111 1006 1137 ante-

356 1159 464 1193 vertit
489 1161 597 1205 poeta
608 1184 619 1200 ‚
636 1158 757 1192 stoicae
787 1157 916 1191 scholae
944 1155 1006 1190 de·

357 1221 497 1247 cretum
516 1225 726 1259 opponens,
744 1224 824 1258 quae
842 1223 1007 1255 pronun-

355 1268 423 1301 tiat
434 1270 587 1308 {omnes
603 1266 667 1312 qui
681 1278 753 1299 non
769 1274 854 1299 sunt
868 1265 1008 1311 sapien-

357 1329 408 1354 tes
435 1333 509 1354 esse
537 1319 667 1353 stultos
685 1345 695 1361 ‚
719 1319 809 1352 nihil
837 1330 911 1351 esse
936 1330 1009 1351 me-

357 1373 462 1407 dium
477 1385 488 1414 ;
510 1380 654 1419 peccata
671 1372 768 1405 enim
785 1383 861 1404 non
881 1370 1009 1405 distin-

357 1427 440 1474 gui,
451 1425 512 1460 sed
525 1426 675 1472 aequalia
689 1437 774 1458 esse.
786 1424 872 1458 Vid.
886 1425 1008 1458 Senec-

357 1481 513 1528 Epictet.
542 1481 594 1514 M.
622 1479 720 1512 Tull.
748 1487 783 1512 et
810 1478 1007 1512 Stobaeum.

358 1534 476 1581 Quam
499 1532 701 1566 doctrinam
724 1531 855 1565 merito
881 1532 1010 1565 confu-

359 1587 449 1622 tavit
458 1587 508 1619 M.
518 1585 614 1619 Tull.
628 1593 663 1618 et
676 1585 802 1619 festive
815 1597 855 1618 ac
868 1585 1008 1619 satirice

360 1640 551 1688 exagitavit
565 1639 688 1673 Horat.
705 1639 769 1672 lib.
781 1640 817 1678 Ι,
829 1647 892 1672 sat.
914 1639 934 1672 3
945 1665 956 1681 ,
970 1639 1008 1672 in

360 1694 417 1728 his
431 1693 591 1728 versibus
606 1707 614 1725 :

359 1749 427 1778 Nec
445 1748 547 1778 vincet
568 1746 647 1775 ratio
673 1746 734 1776 hoe
745 1768 754 1782 ,
769 1745 958 1775 tantumdem
976 1751 1011 1775 ut

442 1801 550 1834 peccet
561 1817 570 1830 ‚
587 1794 732 1833 idemque

361 1842 423 1880 Qui
433 1849 553 1872 teneros
567 1841 667 1872 caules
680 1840 773 1869 alieni
783 1839 907 1880 fregerit
917 1841 1011 1877 horti,

359 1891 400 1919 Et
415 1889 468 1929 qui
482 1895 651 1918 nocturnus
666 1888 781 1917 Divum
798 1897 882 1917 sacra
894 1888 1012 1928 legerit.

444 1935 533 1966 Adsit

359 1983 477 2025 Regula
489 2006 498 2019 ,
520 1982 655 2022 peccatis
680 1992 748 2022 quae
771 1992 875 2021 poenas
899 1982 1015 2022 irroget

443 2041 468 2060 ae
531 2040 563 2063 ες

360 2077 409 2107 Ne
432 2040 549 2106 εοιῗῑῖῧεει
576 2074 704 2115 dignum
731 2073 874 2103 horribili
899 2080 1014 2104 sectare

442 2122 574 2164 flagello.

359 2173 407 2206 At
421 2171 495 2207 vid.
518 2179 630 2205 totam
645 2170 803 2204 satiram.
814 2172 1013 2213 —Digitum

362 2238 460 2259 exere
479 2251 490 2266 ‚
514 2238 644 2269 peccas.
678 2224 829 2257 Minima
857 2224 949 2257 actio
976 2223 1014 2256 in

363 2278 573 2325 exemplum
590 2277 763 2324 ponitur,
785 2285 822 2311 et
842 2277 881 2310 in
905 2289 1014 2322 quam

362 2346 437 2367 non
452 2331 620 2366 videatur
635 2330 725 2364 boni
741 2339 805 2364 aut
820 2330 904 2363 mali
922 2330 1014 2363 ratio

363 2378 506 2421 cadere.
523 2384 630 2419 Cadit
649 2392 766 2418 tamen
786 2395 834 2418 ex
851 2382 1016 2431 doctrina

362 2441 561 2474 stoicorum
572 2464 583 2480 ‚
597 2446 639 2472 ut
650 2445 748 2485 patet
760 2449 805 2471 ex
816 2436 1016 2470 innumeris

364 2502 528 2529 veterum
546 2493 648 2526 locis.
663 2491 816 2538 Epictet.
829 2488 1015 2524 EnchirId.

362 2550 382 2585 ᾗ
398 2549 565 2594 φιλοσοφία.
577 2546 687 2594 φησὶν,
704 2546 754 2579 ὅτι
771 2542 847 2579 οὐδὲ
859 2546 913 2579 τὸν
928 2541 1014 2578 δάκ-

363 2606 456 2635 τυλον
482 2602 632 2636 ἐκτείνειν
656 2600 726 2635 ein-71
745 2598 912 2645 προσήκει.
927 2597 1013 2631 Vid.

364 2654 502 2688 Arrian.
517 2655 578 2688 lib.
594 2654 633 2687 ΙΙ
646 2677 657 2695 ‚
673 2666 749 2700 cap.
766 2665 781 2686 1
792 2665 819 2686 1.
833 2651 1011 2687 Clement-

365 2707 465 2742 Alex.
488 2707 672 2756 Paedagog.
691 2708 757 2742 lib.
775 2707 813 2741 ΙΙ
828 2732 838 2750 ,
855 2719 935 2755 cap.
955 2718 1011 2742 10.

1061 729 1137 764 Cic.
1154 730 1212 764 111
1223 756 1234 771 ‚
1251 729 1296 765 de
1311 730 1391 765 Fin.
1407 739 1442 765 et
1454 731 1551 765 alios.
1566 731 1604 766 C.
1617 739 1652 766 et
1664 732 1707 765 A.

1111 795 1190 817 ¹20.
1211 787 1255 816 Ee
1270 786 1355 828 quid
1377 794 1444 818 tam
1459 798 1598 829 parvum
1617 788 1709 829 est.³]

1061 836 1179 878 Quid,
1201 838 1368 884 inquies,
1385 847 1458 872 tam
1479 851 1633 885 parvum
1659 847 1712 873 est

1063 893 1172 936 quam
1185 903 1330 926 exerere
1347 891 1522 938 digitum3
1539 901 1574 927 et
1591 901 1710 927 tamen

1059 943 1226 990 peccabis
1238 969 1249 985 ‚
1268 945 1336 978 nisi
1360 945 1500 992 sapiens
1525 946 1636 980 fueris
1655 946 1711 980 di-

1060 997 1179 1044 gitum
1193 997 1496 1032 exerenda—Sed
1510 1002 1600 1033 nullo
1619 1001 1713 1032 thure

1061 1053 1177 1083 litabis.
1191 1051 1267 1086 Nec
1280 1051 1381 1086 omni
1394 1052 1503 1087 thure
1512 1077 1522 1092 ‚
1532 1053 1626 1088 votis
1639 1066 1716 1087 om-

1060 1105 1169 1139 nibus
1180 1117 1219 1139 ac
1229 1105 1413 1140 sacrificiis
1425 1106 1618 1153 impetrare
1628 1119 1714 1153 pos·

1060 1171 1133 1198 ses,
1155 1167 1197 1192 ut
1222 1159 1292 1192 hoc
1321 1158 1368 1193 sit
1393 1159 1518 1202 aliter,
1541 1167 1650 1206 atque
1673 1168 1715 1193 nt

1061 1212 1172 1246 stulto
1199 1213 1385 1259 contingat
1406 1213 1465 1247 vel
1491 1213 1717 1260 aliquantula

1062 1266 1212 1299 rationis
1231 1267 1368 1313 portio.
1378 1268 1568 1299 —Licabis.
1583 1267 1637 1300 De
1648 1266 1716 1302 hac

1062 1332 1149 1353 voce
1161 1345 1171 1361 ‚
1186 1319 1264 1354 vid.
1281 1328 1342 1354 sat.
1358 1320 1397 1354 11
1409 1345 1420 1362 ,
1437 1333 1472 1354 v.
1491 1319 1560 1355 ult.
1579 1319 1712 1367 Forsan

1064 1382 1099 1407 et
1116 1373 1192 1407 haec
1204 1398 1215 1414 ‚
1233 1375 1291 1406 sed
1307 1375 1397 1406 nullo
1414 1375 1510 1407 thure
1521 1375 1654 1420 *litabiss
1673 1381 1716 1407 ut

1062 1425 1143 1459 vult
1158 1426 1312 1459 casaub.
1330 1425 1538 1472 accipienda
1554 1434 1642 1459 sunt
1654 1438 1716 1460 ve·

1062 1478 1131 1511 luti
1152 1483 1261 1524 poeta
1283 1479 1432 1514 dixisset
1455 1494 1463 1513 :
1487 1479 1588 1513 nulla
1611 1492 1717 1526 argu-

1063 1541 1273 1566 mentorum
1291 1534 1431 1568 ratione
1446 1534 1646 1576 obtinebis,
1660 1535 1717 1567 οὐκ

1064 1586 1216 1625 ἐνι-κῆσεις
1237 1599 1245 1619 t
1273 1587 1485 1621 translatum
1509 1600 1528 1620 a
1550 1587 1668 1621 sacris.

1114 1650 1194 1672 121.
1215 1641 1352 1671 Haereat
1368 1641 1401 1671 in
1423 1641 1546 1678 stultis,
1566 1639 1640 1685 eta]
1666 1639 1717 1673 Ut

1065 1692 1129 1738 qui
1145 1704 1219 1725 non
1236 1692 1328 1738 sapit
1347 1692 1497 1726 omnino
1509 1717 1520 1734 ‚
1538 1693 1597 1726 vel
1610 1692 1718 1726 mini-

1063 1758 1158 1779 mam
1166 1745 1294 1779 habeat
1304 1746 1485 1792 sapientiae
1491 1745 1717 1792 particulam.

1066 1799 1156 1832 Nam
1169 1824 1180 1840 ‚
1200 1798 1304 1832 aiunt
1325 1798 1447 1841 stoici,
1464 1799 1549 1845 quia
1566 1798 1720 1832 virtutes

1067 1865 1103 1887 se
1129 1861 1396 1899 consequantur
1413 1865 1422 1886 :
1447 1861 1489 1886 ut
1518 1853 1582 1899 qui
1607 1864 1719 1887 unam

1052 1906 1207 1947 habeat,
1217 1919 1342 1940 omnes
1355 1906 1487 1940 habere
1501 1906 1546 1939 sit
1558 1917 1719 1946 necesse;

1069 1969 1104 1994 et
1123 1968 1247 1993 contra
1260 1984 1271 2002 ,
1285 1959 1350 2007 qui
1363 1971 1435 1993 una
1451 1966 1587 2000 eareat,
1601 1959 1720 1992 omni-

1068 2014 1137 2048 bus
1148 2013 1329 2048 nudatum
1343 2025 1418 2048 esse
1428 2013 1645 2047 necessario:
1656 2013 1718 2052 τὰς

1068 2067 1186 2113 ἀρετὰς
1199 2069 1345 2113 λέγουσιν
1367 2067 1607 2101 ἀντακολουθεῖν
1621 2067 1719 2102 ἀλλη-

1066 2123 1161 2160 λοιῖς,
1188 2121 1244 2156 καὶ
1271 2124 1324 2155 τὸν
1357 2121 1433 2166 μίαν
1463 2121 1582 2164 ἔχοντα.
1605 2119 1719 2158 πάσας

1068 2174 1151 2216 ἔχειν
1171 2197 1180 2210 ,
1215 2182 1250 2207 et
1283 2174 1363 2207 vice
1397 2175 1509 2206 versa.
1544 2172 1663 2206 Laert·
1700 2184 1719 2205 a

1070 2225 1266 2271 Chrysipp.
1289 2225 1384 2258 Hinc
1412 2224 1578 2270 sequitur
1593 2248 1603 2264 ,
1628 2223 1720 2256 nihil

1068 2277 1231 2311 medium
1258 2290 1332 2312 esse
1366 2278 1462 2312 inter
1483 2277 1661 2311 virtutem
1684 2284 1722 2309 et

1067 2332 1211 2365 vitium.
1236 2332 1437 2378 Diogenes:
1459 2332 1586 2377 ἀρέσκει
1609 2332 1719 2369 αὐτοῖς

1069 2382 1172 2430 μηδὲν
1180 2385 1303 2430 μεταξὺ
1311 2382 1392 2419 εἶναι
1402 2385 1518 2431 ἀρετῆς
1526 2383 1581 2417 καὶ
1591 2384 1721 2423 κακίας.

1068 2438 1279 2470 —Brevis....
1292 2438 1466 2470 semuncia.
1482 2435 1595 2470 Curta
1608 2443 1644 2468 et
1659 2436 1719 2469 cui

1069 2489 1206 2538 aliquid
1221 2489 1335 2524 deest.
1356 2489 1399 2523 C.

1119 2557 1197 2579 πυ.
1211 2547 1289 2578 Hoec
1302 2546 1433 2578 miscere
1445 2542 1562 2588 nefas]
1577 2541 1720 2577 Servire

1067 2597 1164 2634 vitiis
1184 2623 1195 2640 ‚
1223 2598 1328 2631 simul
1355 2604 1392 2631 et
1418 2596 1528 2630 animi
1554 2595 1719 2630 libertate

1068 2651 1142 2686 frui
1159 2651 1256 2685 nefas
1274 2658 1339 2684 est.
1356 2649 1546 2697 Sapientiae
1570 2657 1606 2683 et
1627 2649 1719 2683 stul-

1068 2706 1156 2744 titiae
1175 2704 1398 2741 consortium
1417 2704 1563 2739 nullum
1580 2716 1589 2738 :
1610 2702 1720 2738 stulte
