1846 3184
633 330 891 374 SA'rmA
935 329 989 373 v.
1394 335 1474 377 125
1523 307 1532 315 ’

204 413 367 456 Tecum
383 412 542 456 etenim
561 413 714 471 longos
732 413 909 455 memini
927 425 1182 455 consumere
1198 413 1305 455 soles
1316 445 1329 466 ,

203 488 260 530 Et
276 497 416 530 tecum
433 487 592 545 primas
612 488 748 546 epulis
767 487 994 546 decerpere
1012 498 1168 530 noctes.

201 564 348 605 Unum
362 578 494 622 opus,
511 574 555 606 et
570 564 763 622 requiem
777 564 938 622 pariter
951 563 1220 622 disponimus
1236 564 1388 618 ambo,

198 639 343 696 Atque
358 639 597 682 verecunda
619 640 810 681 laxamus
832 640 940 682 seria
963 641 1122 682 mensa.

201 714 303 756 Non
319 714 520 772 equidem
539 715 621 757 hoc
637 714 833 767 dubites,
850 715 1075 757 amborum
1089 715 1248 759 foedere
1263 727 1380 759 certo
1435 722 1477 765 45

201 789 451 832 Consentire
472 789 587 843 dies,
606 801 649 833 et
671 791 725 832 ab
749 805 838 832 uno
862 789 1001 832 sidere
1023 790 1151 832 duci:

144 909 212 945 Iioe
235 909 353 946 ducta
379 920 529 947 sumunt
554 912 695 947 vultum
724 911 787 959 qui

144 961 278 998 indicat
299 964 440 999 artificis
462 977 620 999 manum.
630 965 704 998 vel
725 977 789 1011 po-

146 1015 241 1058 tius,
260 1024 303 1050 ut
327 1025 422 1051 recte
448 1017 705 1064 interpretatur
726 1018 788 1052 Ca-

145 1069 247 1102 saub.
274 1070 430 1115 artificem
462 1073 591 1103 vultum
610 1095 622 1109 ,
644 1069 682 1104 id
707 1078 758 1104 est
774 1095 785 1112 ‚

94 1136 101 1145 -·
146 1123 271 1167 magua
294 1124 380 1155 cura
403 1130 510 1168 atque
534 1131 609 1156 arte
633 1123 787 1157 elabora·

145 1180 236 1206 tum.
254 1174 384 1208 Juven.
400 1183 464 1208 sat.
480 1175 573 1218 VII,
587 1188 619 1209 v.
635 1176 722 1221 237:

144 1230 264 1271 Exigioe
285 1237 320 1260 ut
339 1241 440 1262 mores
463 1238 582 1262 teneros
602 1243 655 1262 seu
674 1233 785 1273 pollice

228 1277 338 1313 ducat,

145 1323 190 1352 Ut
204 1323 311 1364 siquis
323 1323 392 1355 eas
406 1325 525 1355 vultum
534 1325 609 1356 facit
612 1348 783 1355 ......

145 1380 344 1424 Caeterum,
368 1381 466 1416 idem
494 1382 642 1417 casaub.
666 1383 786 1417 mallet

145 1433 215 1480 legi
237 1435 393 1481 musteis,-
412 1444 454 1469 ut
475 1436 521 1469 sit
542 1448 687 1470 sensus:
710 1437 786 1470 ani·

146 1499 301 1534 musque
325 1500 427 1522 meus
454 1501 474 1522 a
506 1497 541 1523 te
569 1489 725 1523 molliter
749 1498 786 1523 et

83 1572 85 1574 ,
145 1540 232 1574 scite
250 1549 419 1575 tractatus
441 1541 564 1584 ducit,
583 1543 693 1576 sumit
707 1542 783 1576 vul·

146 1599 225 1627 tum
242 1617 255 1635 ‚
273 1594 340 1628 sub
364 1602 428 1628 tuo
450 1594 579 1641 pollice
596 1620 608 1636 ,
631 1597 784 1642 unfit-is,

143 1658 212 1692 pro
224 1646 363 1681 artifici.
370 1648 460 1690 Quae
472 1648 578 1682 latina
590 1647 701 1682 dictio
712 1661 785 1682 non

145 1699 222 1734 sine
233 1702 396 1748 exemplo
410 1710 473 1735 est.
488 1701 557 1735 Sed
573 1702 648 1735 haec
660 1701 787 1736 ultima
809 1719 816 1727 ·

146 1752 336 1799 explicatio
354 1766 428 1787 non
449 1762 502 1788 est
521 1753 611 1788 adeo
628 1764 787 1788 necessa·

145 1805 218 1846 ria,
233 1806 335 1852 prior
345 1807 442 1840 enim
459 1807 621 1853 ejusdem
636 1807 785 1841 Casaub.

148 1858 380 1904 quaestionem
395 1859 510 1893 solvit.
525 1861 568 1893 A.
590 1881 593 1883 -

194 1914 251 1950 41.
263 1914 375 1943 Tecum
390 1914 504 1944 etenim
518 1915 628 1956 longos
638 1914 787 1951 memini,

146 1963 219 2008 eta]
241 1962 324 1997 Haec
341 1963 386 1998 ad
403 1965 675 1999 familiaritatem
688 1978 789 2012 spec·

148 2021 225 2046 tant
241 2037 253 2054 ‚
274 2025 355 2060 quae
381 2014 435 2047 issi
459 2027 543 2049 cum
566 2025 788 2062 praeceptore

147 2077 214 2099 suo
241 2065 403 2100 Cornuto
429 2068 559 2103 fuerat.
590 2068 787 2116 Virgilius,

148 2116 260 2163 eclog.
279 2117 334 2151 lx
348 2129 359 2150 τ

150 2200 451 2209 ..........
473 2180 558 2220 Soepe
572 2191 630 2221 ego
643 2181 752 2222 longos

144 2226 303 2256 camundo
314 2237 444 2267 puerum
457 2228 582 2258 memini
596 2239 646 2258 me
657 2228 787 2258 condere

228 2272 317 2302 soles.
681 2276 719 2304 1».

193 2330 253 2368 42.
276 2330 320 2360 Ec
340 2337 443 2362 tecum
458 2331 604 2373 primas,
621 2333 695 2375 etc.]
710 2331 786 2373 Qui

145 2379 369 2415 sobrii'erant
380 2407 390 2423 ,
403 2383 566 2417 convivia
582 2384 691 2430 paulo
704 2392 786 2417 ante

95 2450 97 2453 ·
147 2440 288 2467 noctem
303 2458 315 2475 ‚
341 2443 424 2480 post
458 2435 584 2469 horam
611 2435 785 2470 decimam

150 2485 302 2527 adibant,
308 2496 343 2521 et
351 2488 389 2521 in
397 2488 550 2535 primam
558 2497 695 2523 tantum
705 2501 787 2522 noc-

149 2538 194 2572 tis
201 2563 211 2578 ‚
230 2539 287 2573 vel
307 2541 498 2575 secundam
518 2542 786 2587 protrahebant.

148 2590 271 2636 Longe
282 2590 384 2625 aliter
394 2592 420 2626 ii
433 2594 495 2639 qui
507 2594 787 2640 intemperantes

840 910 923 945 ideo
941 911 1161 947 vocabantur
1172 937 1183 954 ,
1202 921 1244 947 ut
1261 913 1396 948 Marius
1413 916 1480 949 iste

840 964 886 998 de
896 976 971 1011 quo
985 965 1168 999 ,Iuvenalis
1181 966 1360 1013 loquitur,
1369 976 1433 1002 sat.
1447 969 1479 1008 I,

838 1019 882 1049 ab
899 1026 1012 1049 octava
1031 1017 1112 1049 bibit
1126 1019 1259 1050 Marius.
1279 1019 1374 1065 Ergo
1393 1019 1480 1053 Per-

838 1070 935 1103 sius:
956 1070 1102 1103 memini
1129 1083 1186 1105 me
1212 1071 1345 1118 primas
1366 1074 1481 1107 noctis

838 1130 979 1157 tantum
996 1123 1100 1156 horas
1125 1131 1246 1158 tecum
1266 1122 1456 1172 decerpere
1469 1152 1478 1165 ,

837 1175 968 1222 frugali
994 1179 1113 1210 mensa
1135 1176 1305 1211 studiosis
1324 1190 1481 1213 necem·

836 1229 901 1262 ria.
921 1228 963 1262 P.
1171 1254 1180 1273 5

884 1281 942 1321 43.
968 1283 1071 1314 Unum
1087 1294 1166 1324 opus
1186 1291 1219 1315 et
1237 1284 1407 1330 requiem-J
1425 1284 1479 1318 Si·

837 1333 914 1366 mul
933 1333 1070 1375 labori,
1091 1334 1200 1367 simul
1225 1335 1339 1381 quieti
1360 1336 1480 1370 indul-

836 1385 1030 1431 gebamus‚
1046 1393 1082 1419 et
1103 1385 1179 1420 sine
1204 1386 1277 1421 ulla
1300 1388 1479 1422 intermis-

836 1438 934 1472 sione
960 1441 1032 1472 un'a
1057 1451 1197 1472 eramus
1217 1463 1230 1481 ‚
1258 1443 1331 1474 una
1357 1440 1481 1476 stude·

836 1489 960 1523 bamus
971 1515 982 1533 ‚
998 1494 1071 1524 una
1086 1491 1316 1527 cessabamus.

885 1546 940 1584 ⁴4.
958 1547 1067 1586 Atque
1088 1545 1278 1577 verecunda
1285 1570 1297 1584 ‚
1313 1546 1385 1592 eta]
1412 1547 1481 1581 Re-

837 1594 964 1640 petitio
977 1595 1107 1641 prioris
1120 1598 1323 1640 sententiae,
1335 1608 1369 1630 et
1378 1608 1482 1631 tecum

831 1648 958 1690 primas
973 1649 1093 1690 epulis,
1110 1657 1169 1680 etc.
1189 1649 1280 1690 Quae
1299 1649 1344 1683 ad
1359 1650 1481 1684 amici-

838 1700 921 1732 tiam
948 1712 1048 1733 suam
1076 1712 1160 1733 cum
1190 1701 1354 1736 Cornuto
1382 1715 1481 1737 com-

838 1750 1076 1785 mendandam
1103 1752 1331 1798 potissimum
1359 1755 1481 1797 valen

838 1815 921 1836 nam
934 1804 1160 1851 precipuum
1175 1806 1419 1841 testimonium
1429 1816 1482 1842 est

838 1864 941 1889 arctae
976 1856 1139 1890 amicitiae
1174 1857 1255 1892 salis
1285 1868 1321 1894 et
1351 1873 1481 1895 mensae

839 1910 1062 1944 communio.
1081 1904 1113 1944 fi
1132 1910 1195 1958 γὰρ
1218 1915 1409 1959 συντροφία,
1423 1915 1480 1948 in-

839 1962 920 2008 quit
943 1962 1177 2005 Plutarchus,
1196 1965 1305 2012 ὖσπερ
1326 1968 1481 2002 ἐπιτόνιόν

841 2016 888 2054 ἐςι
908 2017 967 2054 τῆς
984 2016 1119 2056 ὲυνοίας.
1140 2016 1183 2050 C.

875 2067 930 2107 45.
940 2067 1023 2100 Non
1032 2070 1181 2111 equidem
1194 2070 1254 2102 hoc
1265 2072 1397 2110 dubites,
1405 2072 1479 2117 etc.]

838 2118 990 2153 Minime
1010 2119 1167 2154 dubium
1192 2130 1267 2163 est,
1287 2123 1377 2169 quin
1406 2122 1482 2157 dies

838 2172 1028 2206 amborum
1061 2175 1075 2218 (
1097 2174 1167 2208 mei
1198 2175 1354 2221 tuique)
1386 2178 1482 2209 certi

838 2225 1066 2269 conditione,
1086 2236 1185 2261 certo
1207 2228 1363 2274 quodam
1384 2236 1482 2262 nata-

836 2277 918 2311 litio
944 2278 1077 2313 foedere
1107 2281 1351 2319 consentiant,
1375 2288 1411 2313 et
1436 2280 1480 2313 ab

838 2330 965 2365 eodem
979 2344 1055 2365 uno
1066 2332 1181 2366 sidere
1193 2331 1393 2374 ducantur,
1407 2333 1481 2367 sive

838 2389 944 2417 Parca
961 2395 1062 2417 tenax
1079 2387 1156 2417 veri
1163 2410 1174 2431 ξ
1189 2384 1377 2429 suspendit
1391 2393 1482 2418 tem-

837 2448 925 2481 pora
934 2445 1055 2469 nostra
1064 2448 1141 2481 aequ
1146 2436 1191 2468 ali
1200 2436 1290 2468 libra
1300 2447 1310 2477 ;
1320 2436 1405 2476 sive,
1414 2445 1482 2471 etc.

838 2496 933 2521 certe
952 2487 1051 2520 sidus
1071 2486 1219 2533 aliquod
1236 2496 1287 2521 est
1305 2488 1404 2535 quod
1424 2501 1482 2523 me

838 2540 905 2573 tibi
919 2538 1138 2573 concordem
1156 2539 1251 2574 facit.
1269 2540 1311 2573 L.

886 2594 946 2632 46.
973 2594 1155 2626 Consentire
1179 2594 1272 2632 dies,
1294 2596 1375 2638 eta]
1399 2594 1482 2630 .Ut

197 2703 241 2732 V.
260 2702 316 2738 46.
338 2702 421 2734 Dies.
437 2706 488 2735 Ita
505 2705 601 2736 codd.
620 2716 751 2744 omnes,
768 2715 838 2737 non
854 2706 957 2744 Deos,
975 2705 1066 2748 quod
1082 2704 1220 2738 verbum
1237 2706 1333 2739 affert
1346 2706 1480 2741 Canus.

150 2764 190 2785 a
205 2754 393 2794 nonnullis,
410 2763 448 2787 ut
467 2756 532 2795 ait,
549 2757 646 2788 codd.
