1846 3184
244 275 324 334 178

586 276 636 317 A.
676 275 927 319 PE-RSII
968 278 1223 320 FLACCI

297 357 471 400 Manius
494 357 566 399 hic
591 359 758 416 generis
777 374 916 417 prope
940 361 1077 417 major
1099 361 1339 403 avunculus
1363 362 1462 404 exit.
1547 369 1593 402 60

298 434 388 489 Qui
405 434 525 493 prior
542 449 587 476 es
599 467 611 487 ‚
630 450 709 476 cur
728 450 797 477 me
811 435 862 476 'in
881 435 1065 478 decursu
1082 437 1279 496 lampada
1295 438 1475 496 poscas?

293 511 402 554 Sum
419 511 500 553 tibi
521 511 786 553 Mercurius:
803 512 931 554 venio
948 504 1065 556 Deus
1084 514 1171 556 huc
1185 528 1264 573 ego
1275 547 1287 567 ‚
1306 526 1355 556 ut
1372 515 1444 557 ille

235 649 270 675 et
288 640 434 674 Manius
455 639 522 672 filii
549 647 651 672 terrae
676 647 781 678 sunt;
801 651 885 685 ergo

234 696 331 729 inter
343 707 379 728 se
396 693 558 740 cognati;
574 704 658 738 ergo
674 705 819 739 quoque
833 693 887 726 in-

234 757 289 782 ter
310 760 367 781 me
388 755 423 780 et
441 746 605 792 Manium
625 754 738 779 exstat
756 758 883 793 cogua-

233 802 299 835 tio.
313 801 483 834 Facetum
492 807 760 845 argumentum.
774 799 803 832 E
818 808 886 833 ter-

232 868 271 888 ra
295 862 413 887 autem
440 862 543 887 natos
566 852 732 886 homines
753 851 886 886 docue-

230 915 320 942 runt
330 905 569 953 Empedocles
582 914 617 939 et
627 905 707 948 alii3
723 917 769 938 ex
782 905 886 951 aquis

232 974 319 997 vero
347 959 490 994 Thales.
523 959 617 992 Hinc
646 958 756 1005 igitur
783 968 885 993 terrae

230 1014 298 1047 filii
329 1012 531 1060 nuncupati
547 1038 556 1053 ‚
578 1024 736 1058 quorum
771 1024 884 1058 genus

230 1068 479 1115 ignorabatur.
501 1065 588 1099 Vid.
609 1078 690 1112 sup.
712 1066 769 1111 57.
792 1065 831 1099 P.

281 1124 341 1155 60.
368 1122 562 1154 Blattius...
584 1122 691 1164 major
710 1122 886 1152 avunculus

231 1174 328 1220 exin]
357 1174 428 1207 Ista
454 1170 592 1206 ratione
622 1172 764 1206 Manius
792 1164 886 1206 {nihi

231 1236 406 1275 cognatus
425 1227 603 1273 probatur
621 1237 716 1267 esse3
732 1237 805 1258 non
824 1225 884 1259 ille

231 1280 382 1328 quidem
395 1279 582 1326 proximus
592 1304 601 1321 ,
617 1277 679 1311 sed
693 1286 811 1311 tamen
826 1290 884 1311 co-

231 1333 494 1381 gnatus.Major
507 1331 712 1365 avunculus
726 1330 831 1364 Festo
846 1338 882 1364 et

228 1385 494 1434 jurisconsultis
527 1392 581 1418 est
615 1384 671 1416 avi
707 1393 768 1418 aut
796 1383 882 1418 aviae

231 1439 448 1475 avunculus:
460 1447 494 1472 at
508 1437 684 1471 Suetonio
697 1446 751 1471 est
761 1437 883 1471 matris

231 1493 447 1528 avunculus.
470 1492 512 1526 C.

278 1549 320 1580 61
330 1572 338 1579 .
356 1546 523 1589 Quiprior
536 1544 591 1590 es.]
611 1542 666 1577 Ad
679 1535 881 1590 legitimum

230 1599 403 1634 heredem
414 1597 510 1633 redit
518 1624 527 1640 ‚
538 1606 573 1632 et
584 1598 634 1631 ait
645 1611 653 1631 :
665 1605 706 1630 tu
719 1596 783 1643 qui
793 1597 882 1631 mihi

228 1653 474 1701 propinquior
483 1664 520 1686 es
530 1654 637 1698 quam
644 1650 788 1684 Manius
796 1676 806 1692 ‚
817 1662 883 1684 cur

232 1706 278 1741 de
285 1719 362 1740 mea
369 1704 568 1740 hereditate
578 1703 666 1738 adeo
673 1703 883 1737 sollicitaris.

230 1760 301 1793 Alii
312 1760 599 1806 interpretantur
607 1757 708 1791 aliter
715 1758 883 1801 quiprior;

232 1811 309 1845 scil.
324 1819 364 1843 tu
384 1811 448 1857 qui
465 1823 502 1843 es
521 1817 621 1843 aetate
642 1811 755 1855 major
776 1811 885 1855 quam

233 1876 298 1910 ego
317 1875 419 1904 sum,
447 1874 511 1896 cur
525 1878 545 1904 ,·
558 1871 625 1896 etc.
650 1861 719 1895 Sed
736 1886 746 1902 ‚
769 1869 810 1894 ut
835 1861 884 1894 ait

233 1917 486 1957 casaubonus,
501 1915 593 1948 nihil
606 1913 776 1960 praecedit
785 1914 885 1948 unde

231 1972 302 2005 hoc
320 1970 484 2004 eliciatur
496 1979 645 2014 {neque
664 1981 805 2014 semper
822 1981 884 2003 ve-

233 2037 316 2058 rum
331 2031 391 2057 est.
401 2042 448 2048 —-
459 2025 522 2055 Cur
536 2035 587 2054 me
601 2024 634 2054 in
650 2024 786 2054 decursu
802 2024 882 2054 lam-

226 2080 322 2123 pada
330 2090 456 2121 poscas.
466 2076 511 2109 In
521 2073 884 2121 ῦὲοῃὶὗιιελαμπαὸη-

234 2130 373 2178 δρομίας
385 2155 396 2172 ,
415 2132 499 2164 cum
515 2141 675 2163 accensas
691 2127 798 2162 taedas
812 2141 885 2161 ma-

233 2185 342 2219 nibus
356 2191 520 2217 tenentes
535 2181 728 2215 currebant
739 2206 749 2222 ‚
763 2189 884 2226 poste-

235 2238 312 2272 rior
331 2249 457 2271 cursor
474 2236 586 2270 facem
604 2234 772 2282 poscebat
784 2234 884 2280 prio-

237 2305 325 2332 rem;
333 2304 408 2324 non
417 2298 541 2324 contra
555 2302 563 2322 :
576 2286 757 2335 lampades
767 2296 887 2321 autem

237 2345 430 2380 tradebant
444 2356 517 2378 non
532 2350 735 2381 currentes,
750 2340 811 2375 sed
826 2340 887 2375 de-

239 2411 346 2433 curso
374 2397 512 2440 stadi03
535 2396 628 2430 sicut
653 2393 889 2429 hereditatem

939 639 1050 675 tradit
1067 666 1078 682 ‚
1102 653 1176 675 non
1205 643 1269 688 qui
1292 643 1382 678 vivit
1399 669 1409 685 ‚
1435 643 1497 677 sed
1526 644 1590 690 qui

938 702 1048 728 vixit:
1062 695 1109 728 ita
1123 696 1246 729 versus
1261 696 1366 730 istius
1379 709 1501 730 sensus
1515 705 1568 730 est
1581 710 1589 728 :

939 754 980 780 tu
995 747 1058 793 qui
1072 747 1162 781 mihi
1174 747 1327 795 propior
1339 761 1375 782 es
1387 749 1489 782 heres
1498 774 1508 790 ‚
1524 762 1591 783 cur

938 813 996 834 me
1007 825 1018 842 ‚
1031 799 1120 834 dum
1133 801 1252 836 adhuc
1266 814 1374 836 curro
1383 828 1392 843 ‚
1405 802 1495 837 dum
1509 804 1590 838 vitae

940 854 1163 888 curriculum
1173 867 1239 901 ago
1249 879 1260 896 ,
1270 855 1433 902 lampada
1444 869 1567 902 poscas
1576 856 1592 889 Ρ

938 905 1138 953 Allegorice
1149 932 1159 949 ,
1179 919 1249 953 pro
1271 919 1359 950 cur,
1373 907 1463 942 dum
1482 910 1565 943 vivo
1579 934 1590 949 ‚

938 959 1175 994 hereditatem
1207 972 1322 994 meam
1350 974 1370 995 a
1399 959 1588 1010 mespetis.

938 1013 1128 1060 Lampadis
1149 1022 1270 1048 autem
1295 1015 1362 1048 tria
1383 1025 1483 1050 erant
1503 1018 1592 1051 festa

939 1066 1037 1113 apud
1051 1067 1285 1101 Athenienses
1296 1093 1306 1110 ,
1321 1076 1364 1102 ut
1381 1068 1429 1102 ait
1442 1068 1568 1104 suidas
1579 1096 1590 1113 ,

938 1120 1172 1155 Panathenaea
1184 1147 1195 1164 ,
1218 1121 1397 1156 Vulcania
1408 1146 1419 1163 ‚
1446 1120 1592 1156 Prome-

940 1174 1032 1208 thea.
1055 1175 1109 1208 De
1138 1174 1346 1208 Promethei
1368 1174 1497 1216 sacris,
1521 1174 1592 1210 hoc

938 1227 1018 1260 loco
1043 1227 1159 1274 agitur
1175 1252 1186 1269 ‚
1211 1227 1251 1260 in
1283 1227 1418 1274 quibus
1441 1231 1594 1275 juvenes

938 1293 1100 1314 accensas
1128 1280 1235 1315 taedas
1262 1288 1439 1327 gestantes
1462 1279 1592 1315 decur-

936 1334 1064 1368 rebant
1076 1360 1087 1376 ‚
1101 1334 1358 1380 certabantque
1369 1359 1380 1377 ‚
1397 1334 1478 1381 quis
1491 1335 1595 1381 prior

937 1386 982 1421 ad
1009 1400 1162 1434 scopum
1185 1387 1413 1434 perveniret,
1434 1399 1509 1421 non
1535 1400 1592 1421 ex-

937 1440 1050 1473 tincta
1080 1440 1169 1474 face.
1203 1440 1345 1474 Primus
1378 1438 1593 1486 defatigatus

937 1494 1106 1540 proximo
1116 1519 1124 1534 ‚
1134 1494 1163 1527 is
1172 1502 1296 1540 postea
1306 1493 1468 1527 defessus
1476 1493 1594 1534 alteri,

938 1556 973 1581 et
990 1546 1160 1593 deinceps
1175 1547 1266 1580 alius
1285 1546 1344 1580 alii
1363 1545 1524 1580 tradebat
1537 1559 1591 1580 ar-

937 1599 1082 1634 dentem
1101 1600 1228 1633 sacem.
1245 1598 1330 1632 vid.
1343 1598 1446 1632 Alex.
1461 1598 1524 1631 lib.
1541 1600 1592 1640 V,

937 1666 1018 1700 cap.
1037 1652 1071 1686 8.
1090 1651 1209 1699 Hujus
1227 1650 1504 1687 consuetudinis
1517 1664 1592 1685 me·

937 1706 1124 1740 minerunt
1143 1707 1261 1739 Varro
1275 1729 1286 1745 ‚
1313 1705 1372 1738 111
1384 1729 1395 1746 ‚
1420 1716 1485 1750 cap
1520 1706 1562 1738 16
1580 1729 1592 1746 ‚

937 1760 1012 1794 Cic.
1026 1758 1070 1794 ad
1091 1759 1223 1793 Heren.
1240 1758 1310 1800 IV,
1325 1765 1362 1791 et
1383 1765 1466 1791 ante
1484 1756 1567 1791 illos
1578 1781 1590 1798 ‚

937 1812 1086 1846 Lucret.
1100 1811 1163 1845 lib.
1177 1812 1216 1849 11
1230 1836 1240 1852 ‚
1255 1823 1291 1845 v.
1307 1822 1352 1857 77
1366 1822 1375 1843 :
1586 1810 1590 1812 ’

937 1878 1035 1918 Inque
1047 1877 1136 1907 brevi
1147 1876 1246 1917 spatio
1258 1880 1417 1906 mutantur
1429 1873 1516 1905 saecla
1528 1874 1592 1903 ani-

1019 1931 1174 1960 mantum,
1210 1942 1227 1959 .
1276 1958 1283 1961 ,

938 1973 977 2001 Et
999 1971 1087 2011 quasi
1109 1980 1246 2001 cursores
1265 1969 1341 1999 vitai
1361 1968 1504 2009 lampada
1526 1975 1591 1998 tra-

1021 2018 1109 2047 dunt.
1395 2016 1431 2046 C.
1446 2021 1478 2045 et
1490 2016 1524 2043 P.

988 2079 1046 2110 62.
1080 2080 1155 2110 Sum
1187 2077 1248 2108 tibi
1276 2076 1480 2119 Mercurius]
1507 2073 1592 2116 Quo

938 2130 1059 2163 animo
1073 2129 1186 2175 recipi
1207 2128 1361 2162 debeant
1377 2126 1593 2161 hereditates

938 2181 1119 2216 ostendit:
1135 2181 1207 2215 scil.
1232 2190 1274 2215 ut
1292 2181 1388 2213 bona
1406 2180 1592 2224 inexspec-

941 2243 1012 2268 tata
1023 2260 1033 2277 ,
1051 2247 1131 2280 quae
1150 2235 1244 2267 forte
1261 2233 1299 2266 in
1312 2232 1380 2266 viis
1396 2231 1591 2266 inveniun-

916 2289 925 2293 ’
943 2296 1013 2322 tur.
1029 2288 1084 2320 Ne
1099 2287 1211 2333 igitur
1227 2297 1342 2319 meam
1356 2282 1591 2318 hereditatem

942 2350 984 2375 ut
996 2341 1061 2375 tibi
1071 2339 1230 2374 debitam
1237 2340 1310 2386 jam
1318 2349 1418 2371 nunc
1427 2337 1569 2370 intuere
1579 2350 1591 2379 ;

942 2392 1005 2427 sed
1016 2392 1111 2439 finge
1124 2403 1181 2425 me
1195 2402 1268 2424 esse
1278 2388 1517 2429 Mercurium,
1527 2386 1591 2434 qui

285 2515 329 2543 V.
349 2512 407 2543 60.
424 2510 512 2542 Erit.
529 2512 578 2541 Ita
593 2520 707 2541 omnes
725 2508 821 2540 codd.
841 2515 872 2538 et
890 2506 982 2538 editt.
1002 2505 1243 2546 antiquae.‘Vet.
1255 2501 1358 2532 schol.
1373 2508 1405 2531 et
1425 2500 1568 2531 editores
1584 2522 1594 2539 ‚

240 2573 367 2596 exstat.-
384 2564 495 2596 minus
513 2564 599 2595 hene
610 2587 619 2602 ‚
640 2570 756 2595 nostro
772 2561 913 2605 judicio.

288 2633 330 2661 V.
359 2631 415 2661 61.
442 2629 622 2671 Lampada.
642 2630 777 2661 Putean.
805 2634 839 2659 et
859 2626 1015 2660 Mazarin.
1041 2623 1138 2657 codd.
1161 2618 1507 2666 Lampade.-—Poscis
1527 2629 1592 2661 pro

236 2695 352 2727 poscas
370 2685 495 2716 habent
512 2683 681 2716 nonnulli.
