1846 3184
308 284 390 339 174

641 283 692 323 A.
731 282 984 325 PERSII
1029 282 1290 326 FLACCI

363 364 584 423 Insignem
607 364 666 406 ob
686 364 853 408 cladem
877 365 1103 408 Germanae
1122 366 1251 424 pubis
1265 398 1277 419 ‚
1297 375 1340 408 et
1363 367 1445 408 aris

361 441 561 501 Frigidus
585 443 804 484 excutitur
827 443 965 496 cinis3
984 458 1033 484 ac
1052 444 1141 500 jam
1164 443 1361 502 postibus
1379 444 1520 498 ama,
1611 448 1654 491 45

357 518 379 560 J
381 534 450 560 am
476 519 720 577 chlamydes
743 534 894 578 regum
908 553 921 572 ,
935 521 1023 576 jam
1041 520 1156 563 lutea
1175 536 1358 579 gausapa
1375 521 1511 579 captis
1522 552 1537 574 .,

360 596 629 653 Essedaque,
651 596 931 654 ingentesque
955 597 1069 639 locat
1089 598 1279 640 Caesonia
1301 598 1475 640 Rhenos
1493 613 1503 639 :

357 672 434 714 Dis
457 673 589 731 igitur
601 704 612 726 ,
631 672 861 730 Genioque
881 672 1003 715 ducis
1023 684 1199 716 centum
1216 675 1336 732 paria
1348 707 1362 728 ,
1382 674 1441 717 ob
1461 689 1530 717 res

298 792 516 835 liberalitati&
529 799 816 846 praestantissima
825 799 891 834 haic
900 812 949 834 sa-

298 856 367 888 tira
390 862 558 901 paratum
584 852 788 887 auditorem
813 854 946 888 tenuit.

299 909 481 942 Hactenus
493 933 503 948 ‚
527 907 573 941 de
603 907 752 953 privatis
778 907 949 953 impensis

296 962 392 1008 egit3
408 961 478 996 hoc
495 961 597 1005 loco,
613 959 658 994 de
677 959 832 1006 publicis
843 985 853 1001 ‚
871 961 951 1007 qui·

297 1016 366 1049 bus
378 1014 548 1050 convenit
560 1013 835 1060 magnificentia.
853 1013 947 1047 Cum

295 1076 415 1102 autem
424 1092 435 1108 ‚
449 1068 519 1101 hoc
534 1066 778 1100 infelicissimo
793 1066 922 1100 saeculo
934 1091 945 1108 ‚

296 1122 447 1156 Romani
460 1145 471 1162 ‚
494 1121 559 1167 qui
582 1128 687 1153 antea
717 1128 789 1153 tam
811 1120 946 1165 magni-

295 1175 364 1209 fice
374 1200 385 1217 ‚
410 1174 592 1216 hilariter,
619 1181 654 1207 et
683 1173 838 1206 libenter
865 1185 947 1218 erga

294 1230 451 1264 victores
475 1229 532 1263 usi
557 1235 658 1262 erant
672 1252 683 1269 ‚
706 1226 751 1260 ad
779 1227 947 1260 maximas

296 1283 473 1329 impensas
486 1280 592 1316 inviti
611 1279 844 1326 adigerentur
857 1292 876 1313 a
890 1288 947 1327 ty-

295 1336 415 1370 rannis
426 1347 585 1382 quorum
599 1332 802 1367 dominium
815 1345 914 1366 essen
921 1342 946 1374 t,

295 1401 437 1423 necesse
448 1396 522 1422 erat
536 1399 596 1421 eos
614 1386 802 1433 praeceptis
818 1386 949 1420 instrui

294 1455 374 1489 quae
391 1442 552 1480 animum
567 1439 736 1474 adversus
751 1439 835 1473 tales
849 1452 949 1473 casus

292 1496 492 1539 firmaren13
500 1493 716 1542 quod‚quasi
723 1493 822 1528 aliud
832 1506 950 1540 agens,

294 1549 364 1582 hoc
379 1549 459 1583 loco
470 1574 480 1589 ,
494 1547 604 1582 efficit
624 1550 944 1593 poeta—Laurus.

293 1601 636 1648 Laureata‘epistola
653 1600 691 1633 in
712 1600 856 1646 signum
871 1600 944 1634 vic-

294 1656 407 1690 toriae.
436 1654 532 1688 Plin.
562 1654 626 1687 lib.
656 1654 726 1687 XV
737 1678 748 1695 ‚
769 1665 848 1700 cap.
877 1665 919 1686 ro
935 1666 945 1695 ;

293 1711 369 1744 Tit.
382 1710 464 1745 Liv.
476 1709 538 1743 lib.
552 1709 599 1751 V3
610 1707 766 1742 Martial.
778 1707 840 1740 lib.
850 1707 925 1740 VII
935 1731 946 1748 ‚

293 1764 385 1810 epig.
401 1768 420 1804 4
433 1788 442 1804 ‚
461 1763 479 1796 5
493 1788 502 1804 ,
515 1765 556 1803 6,
572 1770 607 1796 et
620 1761 691 1795 alii.
713 1760 753 1795 C.1
775 1759 811 1794 et
829 1762 872 1794 A.

341 1821 397 1857 44.
407 1819 572 1860 Insignem
581 1818 622 1848 ob
633 1816 783 1858 cladem]
795 1814 947 1848 [ronice.

292 1868 379 1902 Vid.
395 1869 495 1903 Suet.
507 1869 571 1903 vit.
588 1868 700 1913 Calig.
718 1880 798 1914 cap.
814 1869 874 1907 46.

340 1928 359 1964 4
366 1923 384 1957 5
391 1949 399 1956 .
416 1924 562 1967 Frigidus
573 1924 738 1954 excutitur
748 1923 851 1966 cinis]
860 1922 945 1955 Pos-

292 1975 399 2010 tremi
434 1974 598 2009 sacrificii
638 1973 774 2007 residui
807 1974 945 2008 cineres

291 2036 510 2063 amoventur
524 2053 534 2070 ‚
562 2039 681 2061 novus
709 2026 801 2072 ignis
813 2051 825 2066 ‚
850 2039 945 2061 nova

291 2096 389 2117 sacra
415 2083 680 2117 instaurantur.
702 2095 748 2105 —-
768 2083 842 2114 Iam
867 2093 945 2123 pos-

291 2140 375 2171 tibus
390 2150 497 2170 arma.
515 2135 667 2181 Tropaea
686 2134 853 2167 militaria
865 2146 943 2177 pus·

290 2189 598 2237 tibustemplorum
609 2197 644 2222 et
655 2187 812 2222 arcubus
820 2186 946 2220 trium-

291 2243 459 2291 phalibus
477 2250 728 2289 apponuntur.
749 2238 944 2285 Virgilius,

291 2295 443 2331 Aeneid.
458 2295 534 2329 Vll
547 2308 556 2328 :

291 2362 453 2402 Multaque
470 2366 617 2402 preterea
637 2359 730 2390 saeris
749 2359 782 2388 in
802 2357 943 2398 postibus

290 2419 561 2497 Captissimptziideut
577 2464 684 2486 currus
696 2477 706 2490 ,
720 2462 882 2529 curvaegue
894 2461 942 2482 se·

373 2513 471 2534 cures.
847 2522 854 2529 .

341 2565 399 2603 46.
414 2566 487 2595 Jam
498 2563 683 2604 chlamydes
694 2542 836 2605 regum]
849 2559 944 2593 Chia-

1002 814 1077 843 mys.
1094 801 1261 835 Militaris
1277 802 1386 837 vesti·
1401 802 1514 849 pallio
1531 803 1654 836 astric-

1003 854 1075 887 tior
1116 863 1152 888 et
1187 854 1341 888 brevior.
1374 875 1422 882 -—-
1449 859 1523 888 lam
1565 859 1654 889 lutea

999 919 1151 951 gausapa
1171 910 1284 951 captis.
1304 908 1350 942 Et
1370 921 1540 954 gausapa,
1563 917 1653 943 teste

1003 961 1169 994 Varrone
1182 986 1193 1003 ‚
1221 968 1336 1008 vestes
1368 961 1558 997 Gallorum
1587 963 1654 997 vil-

1001 1014 1084 1048 losae
1096 1039 1107 1054 ‚
1124 1014 1243 1048 crocei
1261 1014 1391 1049 color-ia
1405 1027 1415 1049 ε
1435 1023 1628 1050 stramenta
1642 1041 1653 1058 ,

1002 1068 1134 1114 quibus
1148 1075 1306 1101 utuntur
1318 1067 1356 1101 in
1371 1069 1494 1102 castris
1506 1069 1651 1103 milites.

1002 1120 1088 1154 Vid.
1103 1133 1182 1167 sup.
1198 1130 1263 1155 sat.
1281 1121 1352 1162 IV,
1366 1134 1402 1156 v.
1418 1121 1476 1167 37.
1502 1121 1546 1155 L.

1050 1179 1109 1220 47.
1132 1176 1345 1219 Essedaqua]
1365 1177 1503 1213 Ecseda,
1521 1187 1653 1210 currus

1002 1228 1189 1262 Gallorum
1198 1253 1209 1270 ‚
1224 1228 1412 1274 Belgarum
1426 1236 1461 1262 et
1473 1229 1586 1262 Rheni
1600 1229 1656 1262 in-

1001 1283 1162 1316 colarum
1188 1281 1375 1322 vehicula,
1390 1282 1525 1328 quibus
1546 1282 1653 1316 etiam

1001 1336 1200 1369 utebantur
1213 1335 1250 1368 in
1265 1334 1398 1381 praeliis
1413 1347 1422 1367 t
1439 1347 1481 1368 ex
1497 1335 1540 1368 iis
1558 1335 1655 1369 enim

1002 1389 1088 1422 olim
1109 1387 1363 1435 depugnabant
1376 1413 1387 1430 ‚
1409 1397 1467 1429 et,
1490 1397 1655 1422 rotarum

1002 1442 1248 1487 ingruentium
1259 1441 1413 1487 strepitu
1421 1441 1654 1487 impetuque,

1003 1495 1162 1529 hostium
1174 1493 1320 1528 ordines
1334 1495 1579 1540 proterebant,
1591 1502 1655 1528 aut

997 1548 1272 1595 perturbabant.
1288 1549 1389 1594 Virg.
1403 1548 1537 1594 Georg.
1551 1548 1610 1581 III
1625 1560 1634 1580 t

999 1606 1113 1636 Bellica
1133 1605 1182 1635 vel
1203 1606 1291 1635 molli
1314 1605 1422 1635 melius
1443 1605 1524 1635 seret
1545 1603 1651 1635 esseda

1083 1653 1176 1683 collo.
1573 1653 1607 1680 Ρ.

1000 1709 1273 1750 —Ingentesque
1290 1708 1380 1739 lucae
1397 1704 1550 1738 Caesonia
1566 1705 1652 1736 Rhe-

999 1774 1065 1794 nos.
1079 1759 1239 1794 Caesonia
1251 1771 1345 1793 uxor
1353 1777 1372 1800 ‚·
1384 1757 1517 1792 mulier
1529 1756 1653 1804 perdi·
1678 1778 1683 1783 ›

1000 1813 1141 1847 tissimae
1152 1811 1324 1846 libidinis.
1332 1810 1653 1855 Vidnluvenalem,

999 1874 1060 1902 sat.
1072 1866 1127 1899 Vl
1139 1890 1150 1907 ‚
1165 1879 1198 1898 v.
1219 1867 1288 1899 610
1307 1873 1344 1899 et
1361 1864 1652 1909 615.—Ingenees

998 1921 1133 1953 Rhenus.
1146 1919 1358 1960 Rhenanus,
1373 1917 1490 1952 Rheni
1505 1917 1652 1951 accolas.

998 1975 1189 2009 Rhenanus
1202 1981 1324 2007 autem
1333 1981 1439 2007 vocat
1449 1983 1542 2018 quos
1552 1970 1652 2005 Suet.

999 2027 1120 2073 Gallos
1153 2027 1265 2060 fuisse
1294 2026 1343 2060 ait
1370 2038 1380 2058 t
1412 2037 1580 2058 conversus
1605 2025 1654 2057 ad

998 2094 1111 2113 curam
1132 2080 1306 2123 triumphi,
1321 2088 1446 2122 praeeer
1465 2079 1605 2121 captivos
1621 2086 1654 2110 et

998 2132 1186 2176 eranffugas
1199 2126 1372 2169 barbaros,
1387 2132 1557 2163 Gallorum
1569 2141 1651 2172 quo·

998 2198 1063 2228 que
1075 2186 1314 2228 procerrimum
1341 2194 1524 2226 quemque,
1543 2190 1594 2219 et,
1616 2190 1655 2213 ut

998 2239 1064 2281 ipse
1090 2238 1221 2270 dicebat
1233 2261 1242 2276 ‚
1269 2234 1555 2283 ἀξιοτριοὶμὲευτσν
1572 2259 1583 2277 ,
1610 2247 1651 2267 ac

997 2292 1136 2324 nonnul!
1242 2291 1444 2332 principibus
1463 2289 1542 2332 legit
1555 2297 1589 2320 et
1601 2301 1650 2320 se-

993 2345 1103 2388 posuit
1175 2355 1341 2386 pompam.
1362 2340 1403 2374 C.

1044 2397 1104 2437 48.
1132 2396 1191 2429 Dfs
1215 2397 1336 2440 igitur,
1354 2396 1442 2439 eta]
1469 2395 1547 2428 Diis
1573 2407 1647 2429 ma-

993 2450 1134 2498 joribus
1144 2475 1155 2490 ‚
1172 2448 1320 2495 Imperii
1337 2447 1512 2494 patronis.
1522 2465 1571 2474 -·
1583 2451 1648 2481 Ge-

996 2506 1117 2547 nioque
1138 2502 1241 2536 ducis.
1272 2500 1457 2548 Caliguloe.
1481 2500 1551 2535 Per
1577 2501 1649 2536 Ge-

996 2557 1101 2591 nium
1118 2554 1293 2603 principis
1303 2554 1475 2602 jurabant
1486 2562 1624 2590 veteres
1636 2578 1648 2595 ‚

339 2683 378 2710 V.
398 2683 450 2717 46.
469 2680 588 2724 Captis.
601 2683 665 2714 Pro
679 2680 781 2723 captis
789 2679 916 2711 habent
928 2677 1088 2711 nonnulli
1101 2675 1198 2709 codd.
1212 2675 1330 2708 vica's:
1343 2682 1375 2707 at
1389 2675 1484 2719 parvi
1497 2675 1642 2724 interest.
