1898 3216
411 297 497 326 xxx
663 299 667 302 ’
770 284 824 328 A.
861 282 1087 329 PERSII
1123 286 1360 331 FLACCI

459 369 521 406 Jo.
541 365 768 416 Britannici,
787 367 894 419 apud
911 371 935 406 J
938 397 947 405 .
966 370 1087 416 Petit,
1107 355 1279 417 Parisiis,
1559 370 1672 419 1507.
1704 369 1762 417 4⁰.

1089 434 1201 479 (Bibl.
1219 436 1266 468 du
1280 434 1489 481 Pantheon.)

407 509 454 544 A.
474 506 595 545 Persii
612 506 740 546 Flacci
757 509 888 547 Satirae
901 537 913 556 ‚
934 522 1027 547 cum
1049 510 1154 548 facili
1172 510 1445 562 explanatione
1463 514 1485 550 J
1487 523 1523 549 o.

458 571 691 619 Britannici,
708 573 914 625 Lugduni,
1558 574 1672 613 1510.
1703 573 1760 620 4⁰.

404 655 453 692 A.
482 655 602 693 Persii
615 655 748 706 ¹Flacci
778 658 932 705 Safirae,
959 657 1154 710 impressae
1185 658 1284 697 forte
1311 672 1382 710 per
1408 661 1443 696 J.
1471 659 1521 696 A.

457 720 723 759 Scinzenzeler
733 750 744 768 ‚
1563 736 1578 760 1
1587 722 1609 760 5
1618 737 1632 760 1
1641 722 1662 759 5
1669 751 1679 760 .

405 804 453 840 A.
472 802 590 840 Persii
610 801 738 841 Flacci
758 803 890 842 Satirae
904 832 915 851 ‚
936 804 1097 855 Lipsiae,
1558 803 1671 842 1515.
1701 802 1758 849 4⁰.

402 883 744 935 Castigatissimum
756 885 875 923 Persii
895 887 1035 923 Poema
1045 914 1056 932 ‚
1074 899 1166 924 cum
1181 888 1203 924 J
1205 899 1242 925 o.
1257 888 1365 938 Bapt.
1379 886 1522 924 Plautii

454 947 639 999 frugifera
673 950 989 1000 interpretatione
1008 979 1019 996 ‚
1049 964 1202 988 necnon
1233 964 1324 989 cum
1357 952 1521 989 Cornuti

453 1012 702 1064 philosophi,
722 1016 783 1051 Jo.
807 1014 980 1052 Britann.
1000 1027 1044 1051 ac
1060 1015 1230 1053 Barthol.
1252 1016 1380 1053 Fontii
1396 1017 1522 1053 aureis

452 1087 663 1116 comment.
677 1092 747 1130 per
757 1081 780 1116 J
782 1078 846 1117 oh.
859 1081 1045 1117 Rubeum
1054 1079 1342 1118 Vercellensem
1351 1109 1361 1127 ,
1373 1083 1513 1118 Venet.
1564 1080 1610 1118 15
1619 1081 1677 1118 16.
1706 1078 1756 1118 f⁰.

399 1162 507 1199 Nova
520 1159 798 1198 commentaria
813 1161 854 1198 in
868 1161 1042 1199 Persium
1058 1161 1176 1199 simul
1191 1164 1239 1199 A.
1258 1161 1379 1199 Persii
1392 1161 1519 1200 Flacci

451 1225 605 1272 Satirae,
624 1239 716 1263 cum
736 1225 912 1277 ecphrasi
932 1234 970 1263 et
986 1225 1144 1263 scholiis
1160 1225 1376 1263 Murmellii
1391 1228 1519 1264 Rure-

451 1289 681 1327 mundensis
695 1318 706 1335 ,
728 1302 776 1326 ex
793 1290 949 1327 officina
969 1289 1126 1336 Qentell
1138 1318 1149 1335 ‚
1167 1289 1342 1327 Coloniae
1354 1319 1365 1337 ,
1448 1310 1450 1313 v
1554 1289 1668 1338 1517.
1699 1287 1756 1335 4⁰.

397 1372 446 1408 A.
470 1370 589 1408 Persii
611 1370 738 1408 Flacci
756 1371 890 1409 Satirae
904 1400 915 1418 ‚
940 1384 1034 1408 cum
1058 1371 1259 1421 interpret.
1278 1373 1339 1409 Jo.
1359 1371 1512 1410 Britan-

450 1434 616 1481 tannici‚
633 1434 808 1481 Parisiis,
1550 1434 1664 1473 1520.
1693 1433 1752 1482 4⁰.

393 1518 443 1553 A.
469 1516 589 1554 Persii
612 1515 739 1553 Flacci
767 1516 922 1562 Safirae,
945 1529 1038 1554 cum
1067 1524 1279 1554 comment.
1303 1518 1364 1554 Jo.
1392 1518 1505 1568 Bapt.

448 1580 614 1627 Plautii,
638 1581 825 1627 Commi,
848 1581 1056 1618 Britannici
1086 1589 1126 1619 et
1155 1581 1305 1627 Fontii‚
1330 1594 1392 1633 ap.
1420 1583 1514 1619 Ber-

448 1644 658 1682 nardinum
672 1645 722 1682 de
740 1645 840 1683 Vian
852 1674 863 1692 ‚
883 1645 1080 1692 Venetiis,
1552 1644 1666 1684 1520.
1694 1644 1750 1683 f⁰.

394 1729 441 1764 A.
457 1727 576 1765 Persii
590 1726 718 1765 Flacci
742 1728 874 1765 Satirae
889 1756 900 1774 ‚
922 1729 945 1764 J
949 1755 958 1763 .
982 1726 1199 1765 Murmellii
1217 1726 1375 1765 scholiis
1394 1727 1511 1766 illus-

446 1799 554 1829 tratae
566 1820 576 1838 ‚
593 1791 741 1843 absque
765 1791 879 1838 anni,
898 1791 977 1829 loci
1000 1799 1040 1829 et
1057 1791 1301 1842 impl-essoris
1319 1799 1412 1830 nota
1424 1821 1436 1839 ‚
1566 1820 1576 1829 .
1593 1819 1602 1829 .
1620 1821 1628 1829 .
1646 1819 1655 1829 .
1691 1790 1747 1831 8⁰.

1073 1856 1088 1901 (
1097 1857 1183 1889 Bibl.
1201 1858 1248 1889 du
1264 1857 1470 1903 Pantheon.)

390 1929 438 1965 A.
460 1925 578 1964 Persii
602 1924 730 1963 Flacci
757 1925 913 1973 Satirae,
933 1924 1243 1964 luculentissima
1269 1925 1445 1978 ecphrasi
1470 1934 1511 1965 et

445 1990 605 2028 scholiis
631 1990 847 2028 doctissimi
863 1991 941 2043 ¹viri
964 1994 1025 2029 Jo.
1052 1991 1269 2028 Murmellii
1296 1998 1502 2038 enarratae,

442 2055 484 2093 in
501 2055 657 2093 aedibus
673 2055 856 2093 Eucharii
871 2055 1118 2102 Cervicorni,
1138 2054 1310 2093 Coloniae
1324 2084 1337 2102 ‚
1556 2053 1669 2093 1522.
1698 2053 1743 2100 4⁹

387 2134 436 2170 A.
456 2132 575 2170 Persii
591 2132 719 2170 Flacci
740 2133 874 2171 Satirae
885 2161 896 2179 ‚
913 2146 1005 2171 cum
1023 2132 1200 2184 quinque
1218 2131 1505 2170 commentariis

440 2206 481 2236 et
503 2211 641 2235 eorum
666 2197 794 2235 indice
821 2197 1062 2249 amplissimo
1090 2210 1135 2234 ac
1160 2197 1363 2234 satirarum
1387 2209 1504 2248 argn-

438 2261 580 2300 mentis
593 2264 614 2299 J
617 2261 733 2299 odoci
747 2261 855 2299 Badii
867 2261 1043 2300 Ascensii
1052 2289 1064 2308 ‚
1078 2261 1120 2298 in
1136 2260 1287 2298 aedibus
1300 2259 1477 2312 ejusdem
1486 2287 1498 2306 ‚

437 2326 613 2373 Parisiis,
1197 2346 1201 2350 -
1537 2322 1651 2362 1523.
1682 2321 1734 2361 1⁸⁰.

384 2405 431 2440 A.
451 2402 571 2440 Persii
597 2401 725 2440 Flacci
748 2402 904 2449 Safirae,
920 2415 1013 2440 cum
1033 2408 1243 2440 comment.
1265 2402 1326 2438 Jo.
1349 2399 1500 2438 Britan-

437 2467 516 2505 nici
530 2496 540 2514 ‚
561 2475 600 2505 et
618 2467 856 2519 argumentis
879 2466 1009 2514 Badii,
1033 2468 1197 2503 Lutetioe
1207 2494 1222 2512 ,
1242 2465 1414 2502 secunda
1435 2465 1500 2502 die

438 2533 601 2568 octobris
630 2534 844 2570 MDXXV.
880 2534 920 2568 in
952 2533 1039 2575 vico
1077 2530 1371 2568 Cannelitarum
1389 2557 1402 2574 ,
1418 2541 1502 2579 per

435 2597 561 2633 Nicol.
577 2599 633 2633 Le
647 2598 836 2644 Saveder,
854 2597 925 2634 sub
942 2598 1086 2647 insigne
1100 2595 1284 2634 Silvestris·
1295 2594 1494 2641 Hominis,

433 2660 595 2698 Lutetiae
609 2689 621 2708 ‚
1535 2672 1550 2697 1
1560 2657 1647 2697 525.
1677 2656 1731 2711 4⁰.

381 2735 430 2774 A.
449 2734 567 2773 Persii
591 2734 717 2774 Flacci
742 2718 895 2786 Satirae,
915 2750 1007 2776 cum
1032 2736 1208 2789 quinque
1227 2741 1435 2774 comment.
1456 2741 1495 2772 et
