1846 3184
247 383 1522 400 mmmwmmmwmssmnm
1526 387 1589 399 “Q

676 516 1148 599 INDEX

258 683 591 742 RERUM
652 684 969 760 ATQUE
1025 684 1580 743 VERBORUM

595 822 1235 868 MEMORABILIUM

298 942 444 984 QUAE
466 942 525 976 IN
551 941 771 976 LUCILII
795 940 1167 978 FRAGMEN'ns
1190 922 1544 983 odeumunwr.

887 1155 949 1205 A.

946 1257 1035 1309 ,ἄλγη
1052 1265 1172 1300 ἔθηκεν.

1016 1323 1038 1344 u
1049 1335 1059 1350 ‚
1106 1323 1147 1344 ro
1219 1323 1291 1345 ore.

944 1403 1119 1437 Altilium.

946 1450 1066 1484 Aluta.

946 1497 1128 1539 Ambitio,
1142 1496 1226 1533 vide
1240 1510 1383 1534 aurum.

947 1545 1060 1578 Amia.

946 1592 1104 1626 Ambivi.

949 1639 1184 1686 Amphitapae.

947 1686 1192 1732 Amplexetur.

946 1733 1144 1779 Ampliter,
1161 1746 1230 1779 pro
1247 1734 1377 1780 ample.

945 1781 1136 1826 Amptruat
1148 1790 1185 1816 et
1196 1780 1455 1829 redamptruat.

946 1827 1121 1874 Amyclas.

946 1874 1143 1920 Ancipites.

946 1921 1109 1967 Ancipiti
1140 1929 1247 1956 acuto
1279 1934 1323 1957 ex
1350 1931 1505 1973 utraque

994 1977 1107 2014 parte.

946 2013 1166 2049 Andronius.

946 2062 1160 2103 Auiumsus,
1179 2075 1247 2109 pro
1262 2063 1450 2100 iracundo.

946 2109 1122 2150 Annibal,
1140 2110 1251 2156 lupus
1268 2119 1386 2145 vetus.

946 2157 1029 2190 Anu
1041 2182 1051 2197 ‚
1070 2157 1108 2189 in
1123 2156 1233 2190 dativ.
1247 2170 1315 2204 pro
1328 2159 1425 2192 anui.

946 2204 1127 2250 Anquina.

945 2251 1089 2284 Anseris
1108 2250 1265 2284 herbilis.

944 2297 1153 2343 Antiquius.

947 2347 1092 2396 Ᾰπεψία.

944 2397 1079 2443 Apisci.
1299 2435 1305 2440 ,

945 2444 1076 2490 Apollo
1086 2443 1239 2490 pulcher
1247 2443 1320 2478 dici
1331 2458 1406 2480 non
1414 2446 1506 2484 vult.

946 2491 1147 2537 Appellem.

946 2538 1152 2584 Appellant.

947 2584 1135 2631 Appepeli.

947 2632 1128 2678 Aprinum
1141 2631 1272 2665 viscus.

949 2680 1067 2724 Aptus
1077 2703 1088 2720 ‚
1106 2677 1270 2724 adeptus.

948 2726 1089 2772 Aquam
1102 2725 1329 2761 intercutem.

1292 2792 1362 2836 23.

240 1235 304 1302 A
321 1268 427 1315 longa
443 1276 479 1303 et
496 1268 615 1304 brevis
628 1276 694 1303 est.
716 1268 799 1316 Pag.
825 1271 894 1312 264

239 1317 364 1351 Aante
372 1316 434 1349 EE
444 1324 580 1351 veteres
589 1329 682 1363 saepe
695 1317 801 1351 omit-

289 1363 427 1405 tebant,
436 1372 478 1398 ut
486 1363 624 1406 pretor,
632 1376 700 1410 pro
710 1363 800 1398 Prae-

288 1418 358 1444 tor.
824 1410 893 1444 236

241 1458 388 1492 Abbire.
824 1461 893 1498 264

240 1503 471 1541 Abstemiam.
825 1505 894 1540 258

241 1550 451 1587 Abundans.
826 1552 894 1586 250

240 1598 464 1645 Aoeepwris.
826 1599 895 1633 238

241 1647 455 1692 Acceptum.
824 1645 894 1679 300

239 1691 490 1728 Accumhimu'
505 1704 676 1727 mensam.
825 1697 893 1737 274

241 1742 453 1775 Accurrere.
825 1741 893 1780 264

241 1788 399 1822 Acen-oso
417 1786 524 1820 farre.
824 1785 894 1820 283

241 1835 433 1868 Amatam
447 1844 603 1866 coenum.
825 1835 893 1878 267

241 1880 472 1926 Acipensere.
824 1880 892 1914 252

241 1925 522 1962 Δᾶῖηνίιεεωιι’.
825 1925 893 1968 243

241 1974 435 2020 Adipatam
449 1973 601 2020 pultem.
826 1974 894 2019 257

240 2020 449 2068 Adjutatus.
827 2032 892 2064 292

241 2067 427 2103 Adon-itur.
826 2068 895 2101 250

242 2115 400 2150 Adversa
415 2114 555 2161 hyeme.
823 2115 894 2149 280

241 2161 450 2210 aequalem.
826 2162 894 2195 256

242 2212 335 2246 Aera
352 2219 530 2255 perversa.
825 2206 891 2241 301

242 2254 469 2292 Aeserninu’.
823 2254 892 2289 253

242 2305 346 2340 Aetas
356 2328 369 2346 ‚
385 2313 453 2348 pro
474 2310 638 2349 tempore
655 2300 799 2348 longin-

287 2364 376 2398 quo.
824 2347 892 2388 243

242 2399 426 2446 Agitant,
440 2397 573 2443 auriga.
824 2399 889 2436 241

242 2446 395 2492 Agipez,
411 2458 479 2493 pro
501 2444 672 2478 senatore
691 2440 799 2488 peda-
848 2487 891 2522 3⁵

292 2504 360 2526 no.
824 2500 844 2521 2

245 2539 407 2585 Agl-ariu’
425 2550 579 2584 mergus.
826 2539 895 2576 240

245 2594 290 2627 Δί
336 2605 412 2627 xm«.
429 2601 583 2626 montoe.
824 2591 894 2628 24⁸

245 2645 713 2728 Μδιῖἷὶῃιιῖῐῖἶρηῖῗιιζωᾷηαω
730 2682 801 2716 Ro·
827 2638 895 2678 ²⁴9

293 2744 420 2767 manus
438 2729 509 2765 dici
525 2730 661 2764 maluit.
828 2726 895 2762 228

1422 1641 1511 1685 245,

1524 1279 1595 1310 240

1525 1317 1593 1352 235

1525 1368 1596 1445 2Ξ4

1527 1422 1595 1502 37:

1528 1516 1596 1586 :33

1529 1598 1597 1633 265

1529 1645 1597 1690 259

1528 1690 1599 1733 234

1529 1744 1599 1784 274

1530 1788 1598 1821 268

1529 1833 1598 1873 234

1527 1879 1597 1914 303

1530 1972 1598 2008 303

1530 2021 1599 2057 235

1530 2118 1598 2150 300

1530 2162 1599 2207 239

1529 2221 1598 2255 229

1530 2255 1599 2290 238

1529 2302 1598 2348 273

1527 2362 1598 2392 285

1532 2404 1602 2438 286

1530 2451 1600 2496 239

1530 2508 1597 2542 292

1529 2545 1599 2580 285

1530 2591 1599 2626 306

1531 2643 1600 2680 240

1531 2685 1599 2719 303

1533 2733 1599 2776 298
