<?xml version="1.0" encoding="UTF-8"?>
<!DOCTYPE html PUBLIC "-//W3C//DTD XHTML 1.0 Transitional//EN"
    "http://www.w3.org/TR/xhtml1/DTD/xhtml1-transitional.dtd">
<html xmlns="http://www.w3.org/1999/xhtml" xml:lang="en" lang="en">
 <head>
  <title>
</title>
<meta http-equiv="Content-Type" content="text/html;charset=utf-8" />
  <meta name='ocr-system' content='tesseract 3.04.00' />
  <meta name='ocr-capabilities' content='ocr_page ocr_carea ocr_par ocr_line ocrx_word'/>
</head>
<body>
  <div class='ocr_page' id='page_1' title='image "./satiraeadcodice00persuoft_0091.png"; bbox 0 0 1846 3184; ppageno 0'>
   <div class='ocr_carea' id='block_1_1' title="bbox 655 274 1025 318">
    <p class='ocr_par' dir='ltr' id='par_1_1' title="bbox 655 274 1025 318">
     <span class='ocr_line' id='line_1_1' title="bbox 655 274 1025 318; baseline -0.003 0"><span class='ocrx_word' id='word_1_1' title='bbox 655 274 911 318; x_wconf 81' lang='lat' dir='ltr'><strong>SATIRA</strong></span> <span class='ocrx_word' id='word_1_2' title='bbox 953 275 1025 318; x_wconf 88' lang='lat'>11.</span> 
     </span>
    </p>
   </div>
   <div class='ocr_carea' id='block_1_2' title="bbox 1455 275 1506 317">
    <p class='ocr_par' dir='ltr' id='par_1_2' title="bbox 1455 275 1506 317">
     <span class='ocr_line' id='line_1_2' title="bbox 1455 275 1506 317; baseline 0 0"><span class='ocrx_word' id='word_1_3' title='bbox 1455 275 1506 317; x_wconf 83' lang='lat'>51</span> 
     </span>
    </p>
   </div>
   <div class='ocr_carea' id='block_1_3' title="bbox 240 354 1379 570">
    <p class='ocr_par' dir='ltr' id='par_1_3' title="bbox 240 354 1379 570">
     <span class='ocr_line' id='line_1_3' title="bbox 240 354 1379 420; baseline -0.008 -15"><span class='ocrx_word' id='word_1_4' title='bbox 240 363 322 405; x_wconf 90' lang='lat' dir='ltr'>Dic</span> <span class='ocrx_word' id='word_1_5' title='bbox 335 358 521 420; x_wconf 80' lang='lat' dir='ltr'>agedum</span> <span class='ocrx_word' id='word_1_6' title='bbox 530 357 660 401; x_wconf 82' lang='lat' dir='ltr'>Staio.</span> <span class='ocrx_word' id='word_1_7' title='bbox 678 357 793 399; x_wconf 89' lang='lat' dir='ltr'>Proh</span> <span class='ocrx_word' id='word_1_8' title='bbox 806 355 993 414; x_wconf 85' lang='lat' dir='ltr'>Jupiter!</span> <span class='ocrx_word' id='word_1_9' title='bbox 1012 354 1039 396; x_wconf 84' lang='grc' dir='ltr'>ὁ</span> <span class='ocrx_word' id='word_1_10' title='bbox 1055 354 1169 396; x_wconf 91' lang='lat' dir='ltr'>bone</span> <span class='ocrx_word' id='word_1_11' title='bbox 1179 385 1191 407; x_wconf 91' lang='lat'>,</span> <span class='ocrx_word' id='word_1_12' title='bbox 1208 355 1379 407; x_wconf 87' lang='lat' dir='ltr'>clamet,</span> 
     </span>
     <span class='ocr_line' id='line_1_4' title="bbox 246 428 1349 501; baseline -0.009 -23"><span class='ocrx_word' id='word_1_13' title='bbox 246 435 433 494; x_wconf 82' lang='lat' dir='ltr'>Jupiter!</span> <span class='ocrx_word' id='word_1_14' title='bbox 451 435 509 475; x_wconf 85' lang='lat' dir='ltr'>At</span> <span class='ocrx_word' id='word_1_15' title='bbox 525 447 614 476; x_wconf 83' lang='lat' dir='ltr'>sese</span> <span class='ocrx_word' id='word_1_16' title='bbox 634 447 722 474; x_wconf 90' lang='lat' dir='ltr'>nou</span> <span class='ocrx_word' id='word_1_17' title='bbox 740 431 891 474; x_wconf 86' lang='lat' dir='ltr'>clamet</span> <span class='ocrx_word' id='word_1_18' title='bbox 908 429 1073 488; x_wconf 85' lang='lat' dir='ltr'>Jupiter</span> <span class='ocrx_word' id='word_1_19' title='bbox 1090 428 1212 487; x_wconf 82' lang='lat' dir='ltr'>ipse?</span> <span class='ocrx_word' id='word_1_20' title='bbox 1335 495 1349 501; x_wconf 30' lang='grc' dir='ltr'>ς</span> 
     </span>
     <span class='ocr_line' id='line_1_5' title="bbox 244 505 1284 570; baseline -0.007 -17"><span class='ocrx_word' id='word_1_21' title='bbox 244 511 459 570; x_wconf 79' lang='lat' dir='ltr'>Ignovisse</span> <span class='ocrx_word' id='word_1_22' title='bbox 480 520 624 567; x_wconf 87' lang='lat' dir='ltr'>putas,</span> <span class='ocrx_word' id='word_1_23' title='bbox 642 508 765 565; x_wconf 88' lang='lat' dir='ltr'>quia,</span> <span class='ocrx_word' id='word_1_24' title='bbox 781 509 882 548; x_wconf 76' lang='lat' dir='ltr'>cum</span> <span class='ocrx_word' id='word_1_25' title='bbox 899 517 1020 548; x_wconf 85' lang='lat' dir='ltr'>tonat</span> <span class='ocrx_word' id='word_1_26' title='bbox 1034 538 1046 559; x_wconf 91' lang='lat'>,</span> <span class='ocrx_word' id='word_1_27' title='bbox 1063 506 1182 547; x_wconf 86' lang='lat' dir='ltr'>ocius</span> <span class='ocrx_word' id='word_1_28' title='bbox 1200 505 1284 547; x_wconf 87' lang='lat' dir='ltr'>ilex</span> 
     </span>
    </p>
   </div>
   <div class='ocr_carea' id='block_1_4' title="bbox 243 579 1514 644">
    <p class='ocr_par' dir='ltr' id='par_1_4' title="bbox 243 579 1514 644">
     <span class='ocr_line' id='line_1_6' title="bbox 243 579 1514 644; baseline -0.006 -16"><span class='ocrx_word' id='word_1_29' title='bbox 243 586 458 644; x_wconf 88' lang='lat' dir='ltr'>Sulphure</span> <span class='ocrx_word' id='word_1_30' title='bbox 468 585 696 627; x_wconf 80' lang='lat' dir='ltr'><strong>discutitur</strong></span> <span class='ocrx_word' id='word_1_31' title='bbox 713 597 853 635; x_wconf 83' lang='lat' dir='ltr'>sacro,</span> <span class='ocrx_word' id='word_1_32' title='bbox 873 585 1001 639; x_wconf 70' lang='lat' dir='ltr'>quam</span> <span class='ocrx_word' id='word_1_33' title='bbox 1019 592 1153 638; x_wconf 86' lang='lat' dir='ltr'>tuque</span> <span class='ocrx_word' id='word_1_34' title='bbox 1169 579 1420 637; x_wconf 84' lang='lat' dir='ltr'>domusque.</span> <span class='ocrx_word' id='word_1_35' title='bbox 1473 585 1514 620; x_wconf 69' lang='grc' dir='ltr'>αὗ</span> 
     </span>
    </p>
   </div>
   <div class='ocr_carea' id='block_1_5' title="bbox 243 647 1383 792">
    <p class='ocr_par' dir='ltr' id='par_1_5' title="bbox 243 647 1383 792">
     <span class='ocr_line' id='line_1_7' title="bbox 243 647 1383 719; baseline -0.005 -16"><span class='ocrx_word' id='word_1_36' title='bbox 243 663 312 704; x_wconf 89' lang='lat' dir='ltr'>An</span> <span class='ocrx_word' id='word_1_37' title='bbox 327 694 337 712; x_wconf 88' lang='lat'>,</span> <span class='ocrx_word' id='word_1_38' title='bbox 353 661 454 719; x_wconf 85' lang='lat' dir='ltr'>quia</span> <span class='ocrx_word' id='word_1_39' title='bbox 467 676 555 702; x_wconf 91' lang='lat' dir='ltr'>non</span> <span class='ocrx_word' id='word_1_40' title='bbox 564 693 577 712; x_wconf 92' lang='lat'>‚</span> <span class='ocrx_word' id='word_1_41' title='bbox 594 659 712 702; x_wconf 87' lang='lat' dir='ltr'>fibris</span> <span class='ocrx_word' id='word_1_42' title='bbox 728 659 873 700; x_wconf 83' lang='lat' dir='ltr'>ovium</span> <span class='ocrx_word' id='word_1_43' title='bbox 890 659 1171 716; x_wconf 61' lang='lat' dir='ltr'>ErgennAque</span> <span class='ocrx_word' id='word_1_44' title='bbox 1182 647 1360 713; x_wconf 82' lang='lat' dir='ltr'>jubente</span> <span class='ocrx_word' id='word_1_45' title='bbox 1371 688 1383 709; x_wconf 92' lang='lat'>,</span> 
     </span>
     <span class='ocr_line' id='line_1_8' title="bbox 244 731 1226 792; baseline -0.007 -13"><span class='ocrx_word' id='word_1_46' title='bbox 244 736 384 779; x_wconf 84' lang='lat' dir='ltr'><strong>Triste</strong></span> <span class='ocrx_word' id='word_1_47' title='bbox 403 736 512 792; x_wconf 83' lang='lat' dir='ltr'>jaces</span> <span class='ocrx_word' id='word_1_48' title='bbox 533 735 642 776; x_wconf 89' lang='lat' dir='ltr'>lucis</span> <span class='ocrx_word' id='word_1_49' title='bbox 658 733 990 790; x_wconf 83' lang='lat' dir='ltr'>evitandumque</span> <span class='ocrx_word' id='word_1_50' title='bbox 1012 731 1226 784; x_wconf 84' lang='lat' dir='ltr'>bidental,</span> 
     </span>
    </p>
   </div>
   <div class='ocr_carea' id='block_1_6' title="bbox 188 849 839 2472">
    <p class='ocr_par' dir='ltr' id='par_1_6' title="bbox 188 849 827 889">
     <span class='ocr_line' id='line_1_9' title="bbox 188 849 827 889; baseline -0.008 -2"><span class='ocrx_word' id='word_1_51' title='bbox 188 850 235 887; x_wconf 70' lang='lat' dir='ltr'>ad</span> <span class='ocrx_word' id='word_1_52' title='bbox 269 851 415 886; x_wconf 79' lang='lat' dir='ltr'>lihitum</span> <span class='ocrx_word' id='word_1_53' title='bbox 456 849 597 884; x_wconf 87' lang='lat' dir='ltr'>flectere</span> <span class='ocrx_word' id='word_1_54' title='bbox 619 875 630 889; x_wconf 85' lang='lat'>‚</span> <span class='ocrx_word' id='word_1_55' title='bbox 668 861 827 883; x_wconf 84' lang='lat' dir='ltr'>exorare.</span> 
     </span>
    </p>

    <p class='ocr_par' dir='ltr' id='par_1_7' title="bbox 190 900 830 1001">
     <span class='ocr_line' id='line_1_10' title="bbox 238 900 830 946; baseline -0.008 -7"><span class='ocrx_word' id='word_1_56' title='bbox 238 916 296 938; x_wconf 67' lang='grc' dir='ltr'>υ.</span> <span class='ocrx_word' id='word_1_57' title='bbox 325 904 411 937; x_wconf 73' lang='lat' dir='ltr'>Proh</span> <span class='ocrx_word' id='word_1_58' title='bbox 429 905 554 946; x_wconf 80' lang='lat' dir='ltr'>Jupiter</span> <span class='ocrx_word' id='word_1_59' title='bbox 561 905 598 946; x_wconf 93' lang='lat'>!]</span> <span class='ocrx_word' id='word_1_60' title='bbox 616 903 700 935; x_wconf 81' lang='lat' dir='ltr'>Vox</span> <span class='ocrx_word' id='word_1_61' title='bbox 721 900 830 934; x_wconf 70' lang='lat' dir='ltr'>detes-</span> 
     </span>
     <span class='ocr_line' id='line_1_11' title="bbox 190 953 826 1001; baseline -0.008 -10"><span class='ocrx_word' id='word_1_62' title='bbox 190 956 321 998; x_wconf 74' lang='lat' dir='ltr'>tantis,</span> <span class='ocrx_word' id='word_1_63' title='bbox 337 963 380 989; x_wconf 87' lang='lat' dir='ltr'>nt</span> <span class='ocrx_word' id='word_1_64' title='bbox 400 955 531 1001; x_wconf 85' lang='lat' dir='ltr'>passim</span> <span class='ocrx_word' id='word_1_65' title='bbox 546 953 643 1000; x_wconf 85' lang='lat' dir='ltr'>apud</span> <span class='ocrx_word' id='word_1_66' title='bbox 662 954 826 988; x_wconf 76' lang='lat' dir='ltr'>comicos.</span> 
     </span>
    </p>

    <p class='ocr_par' dir='ltr' id='par_1_8' title="bbox 192 1008 834 1358">
     <span class='ocr_line' id='line_1_12' title="bbox 241 1008 833 1049; baseline -0.01 -6"><span class='ocrx_word' id='word_1_67' title='bbox 241 1008 300 1043; x_wconf 75' lang='lat'>23.</span> <span class='ocrx_word' id='word_1_68' title='bbox 329 1011 381 1041; x_wconf 80' lang='lat' dir='ltr'>-Ae</span> <span class='ocrx_word' id='word_1_69' title='bbox 396 1020 461 1040; x_wconf 77' lang='lat' dir='ltr'>sese</span> <span class='ocrx_word' id='word_1_70' title='bbox 488 1019 553 1039; x_wconf 81' lang='lat' dir='ltr'>non</span> <span class='ocrx_word' id='word_1_71' title='bbox 572 1009 689 1038; x_wconf 80' lang='lat' dir='ltr'>clamet</span> <span class='ocrx_word' id='word_1_72' title='bbox 708 1008 833 1049; x_wconf 73' lang='lat' dir='ltr'>Jupiter</span> 
     </span>
     <span class='ocr_line' id='line_1_13' title="bbox 193 1058 832 1106; baseline -0.005 -11"><span class='ocrx_word' id='word_1_73' title='bbox 193 1061 313 1106; x_wconf 54' lang='lat' dir='ltr'>ipsa]</span> <span class='ocrx_word' id='word_1_74' title='bbox 343 1059 534 1094; x_wconf 75' lang='lat' dir='ltr'>Conclusio</span> <span class='ocrx_word' id='word_1_75' title='bbox 561 1059 773 1104; x_wconf 82' lang='lat' dir='ltr'>argumenti.</span> <span class='ocrx_word' id='word_1_76' title='bbox 795 1058 832 1092; x_wconf 91' lang='lat' dir='ltr'>Si</span> 
     </span>
     <span class='ocr_line' id='line_1_14' title="bbox 192 1109 833 1159; baseline -0.005 -12"><span class='ocrx_word' id='word_1_77' title='bbox 192 1113 248 1148; x_wconf 83' lang='lat' dir='ltr'>vel</span> <span class='ocrx_word' id='word_1_78' title='bbox 265 1111 504 1159; x_wconf 76' lang='lat' dir='ltr'>nequissimus</span> <span class='ocrx_word' id='word_1_79' title='bbox 520 1109 664 1144; x_wconf 81' lang='lat' dir='ltr'>infanda</span> <span class='ocrx_word' id='word_1_80' title='bbox 681 1119 740 1143; x_wconf 81' lang='lat' dir='ltr'>tua</span> <span class='ocrx_word' id='word_1_81' title='bbox 754 1117 833 1145; x_wconf 81' lang='lat' dir='ltr'>vota</span> 
     </span>
     <span class='ocr_line' id='line_1_15' title="bbox 194 1163 834 1210; baseline -0.006 -10"><span class='ocrx_word' id='word_1_82' title='bbox 194 1165 342 1200; x_wconf 75' lang='lat' dir='ltr'>audiens</span> <span class='ocrx_word' id='word_1_83' title='bbox 353 1177 426 1199; x_wconf 88' lang='lat' dir='ltr'>non</span> <span class='ocrx_word' id='word_1_84' title='bbox 437 1171 555 1210; x_wconf 83' lang='lat' dir='ltr'>potest</span> <span class='ocrx_word' id='word_1_85' title='bbox 562 1163 630 1197; x_wconf 74' lang='lat' dir='ltr'>sihi</span> <span class='ocrx_word' id='word_1_86' title='bbox 639 1172 834 1209; x_wconf 84' lang='lat' dir='ltr'>temperare</span> 
     </span>
     <span class='ocr_line' id='line_1_16' title="bbox 195 1217 831 1264; baseline -0.006 -12"><span class='ocrx_word' id='word_1_87' title='bbox 195 1217 288 1264; x_wconf 82' lang='lat' dir='ltr'>quin</span> <span class='ocrx_word' id='word_1_88' title='bbox 305 1217 499 1257; x_wconf 76' lang='lat' dir='ltr'>exclamet,</span> <span class='ocrx_word' id='word_1_89' title='bbox 515 1217 602 1260; x_wconf 71' lang='lat' dir='ltr'>prola</span> <span class='ocrx_word' id='word_1_90' title='bbox 621 1217 767 1259; x_wconf 74' lang='lat' dir='ltr'>Jupiter!</span> <span class='ocrx_word' id='word_1_91' title='bbox 786 1227 831 1249; x_wconf 79' lang='lat' dir='ltr'>an</span> 
     </span>
     <span class='ocr_line' id='line_1_17' title="bbox 196 1268 833 1316; baseline -0.003 -12"><span class='ocrx_word' id='word_1_92' title='bbox 196 1270 341 1316; x_wconf 82' lang='lat' dir='ltr'>Jupiter</span> <span class='ocrx_word' id='word_1_93' title='bbox 357 1269 434 1316; x_wconf 79' lang='lat' dir='ltr'>ipse</span> <span class='ocrx_word' id='word_1_94' title='bbox 453 1281 528 1302; x_wconf 88' lang='lat' dir='ltr'>non</span> <span class='ocrx_word' id='word_1_95' title='bbox 549 1268 779 1311; x_wconf 80' lang='lat' dir='ltr'>exclamabit,</span> <span class='ocrx_word' id='word_1_96' title='bbox 798 1275 833 1302; x_wconf 85' lang='lat' dir='ltr'>et</span> 
     </span>
     <span class='ocr_line' id='line_1_18' title="bbox 193 1320 757 1358; baseline -0.009 1"><span class='ocrx_word' id='word_1_97' title='bbox 193 1335 234 1358; x_wconf 65' lang='lat' dir='ltr'>se</span> <span class='ocrx_word' id='word_1_98' title='bbox 248 1321 295 1358; x_wconf 69' lang='lat' dir='ltr'>ad</span> <span class='ocrx_word' id='word_1_99' title='bbox 305 1321 498 1358; x_wconf 81' lang='lat' dir='ltr'>vindictam</span> <span class='ocrx_word' id='word_1_100' title='bbox 512 1321 677 1356; x_wconf 79' lang='lat' dir='ltr'>excitabit</span> <span class='ocrx_word' id='word_1_101' title='bbox 686 1320 703 1354; x_wconf 68' lang='grc' dir='ltr'><strong><em>ἓ</em></strong></span> <span class='ocrx_word' id='word_1_102' title='bbox 715 1322 757 1355; x_wconf 83' lang='grc' dir='ltr'>Δ.</span> 
     </span>
    </p>

    <p class='ocr_par' dir='ltr' id='par_1_9' title="bbox 196 1373 837 1682">
     <span class='ocr_line' id='line_1_19' title="bbox 207 1373 836 1420; baseline -0.003 -10"><span class='ocrx_word' id='word_1_103' title='bbox 207 1412 212 1417; x_wconf 74' lang='grc'><em>,</em></span> <span class='ocrx_word' id='word_1_104' title='bbox 246 1379 305 1415; x_wconf 70' lang='grc'>24.</span> <span class='ocrx_word' id='word_1_105' title='bbox 318 1374 600 1420; x_wconf 61' lang='lat' dir='ltr'>IgnovmepueasJ</span> <span class='ocrx_word' id='word_1_106' title='bbox 613 1373 752 1407; x_wconf 80' lang='lat' dir='ltr'>Scilicet</span> <span class='ocrx_word' id='word_1_107' title='bbox 765 1385 836 1420; x_wconf 83' lang='lat' dir='ltr'>pu·</span> 
     </span>
     <span class='ocr_line' id='line_1_20' title="bbox 196 1425 836 1474; baseline -0.006 -11"><span class='ocrx_word' id='word_1_108' title='bbox 196 1435 249 1462; x_wconf 73' lang='lat' dir='ltr'>tas</span> <span class='ocrx_word' id='word_1_109' title='bbox 263 1427 458 1474; x_wconf 66' lang='lat' dir='ltr'>ignovisse,</span> <span class='ocrx_word' id='word_1_110' title='bbox 470 1426 573 1473; x_wconf 86' lang='lat' dir='ltr'>quia,</span> <span class='ocrx_word' id='word_1_111' title='bbox 588 1425 749 1460; x_wconf 77' lang='lat' dir='ltr'>etc-Haec</span> <span class='ocrx_word' id='word_1_112' title='bbox 760 1426 836 1460; x_wconf 79' lang='lat' dir='ltr'>sine</span> 
     </span>
     <span class='ocr_line' id='line_1_21' title="bbox 196 1477 837 1526; baseline -0.006 -11"><span class='ocrx_word' id='word_1_113' title='bbox 196 1479 471 1526; x_wconf 56' lang='lat' dir='ltr'>interroptione</span> <span class='ocrx_word' id='word_1_114' title='bbox 481 1477 639 1524; x_wconf 83' lang='lat' dir='ltr'>legenda.</span> <span class='ocrx_word' id='word_1_115' title='bbox 655 1478 765 1525; x_wconf 84' lang='lat' dir='ltr'>Vulgi</span> <span class='ocrx_word' id='word_1_116' title='bbox 782 1491 837 1512; x_wconf 86' lang='lat' dir='ltr'>er-</span> 
     </span>
     <span class='ocr_line' id='line_1_22' title="bbox 196 1530 837 1577; baseline -0.005 -10"><span class='ocrx_word' id='word_1_117' title='bbox 196 1530 316 1567; x_wconf 78' lang='lat' dir='ltr'>rotem</span> <span class='ocrx_word' id='word_1_118' title='bbox 341 1531 548 1577; x_wconf 70' lang='lat' dir='ltr'>simpliciter</span> <span class='ocrx_word' id='word_1_119' title='bbox 572 1531 681 1565; x_wconf 75' lang='lat' dir='ltr'>refert</span> <span class='ocrx_word' id='word_1_120' title='bbox 695 1555 707 1571; x_wconf 89' lang='lat'>,</span> <span class='ocrx_word' id='word_1_121' title='bbox 730 1543 837 1577; x_wconf 88' lang='lat' dir='ltr'>quem</span> 
     </span>
     <span class='ocr_line' id='line_1_23' title="bbox 197 1582 837 1630; baseline -0.005 -11"><span class='ocrx_word' id='word_1_122' title='bbox 197 1596 284 1619; x_wconf 79' lang='lat' dir='ltr'>mox</span> <span class='ocrx_word' id='word_1_123' title='bbox 293 1595 398 1619; x_wconf 73' lang='lat' dir='ltr'>versu</span> <span class='ocrx_word' id='word_1_124' title='bbox 414 1583 574 1630; x_wconf 81' lang='lat' dir='ltr'>sequenti</span> <span class='ocrx_word' id='word_1_125' title='bbox 586 1583 768 1626; x_wconf 78' lang='lat' dir='ltr'>confutat,</span> <span class='ocrx_word' id='word_1_126' title='bbox 781 1582 837 1616; x_wconf 82' lang='lat' dir='ltr'>di-</span> 
     </span>
     <span class='ocr_line' id='line_1_24' title="bbox 197 1635 655 1682; baseline -0.007 -10"><span class='ocrx_word' id='word_1_127' title='bbox 197 1635 655 1682; x_wconf 66' lang='lat' dir='ltr'>censean‚quia‚etc?A.</span> 
     </span>
    </p>

    <p class='ocr_par' dir='ltr' id='par_1_10' title="bbox 197 1685 837 2265">
     <span class='ocr_line' id='line_1_25' title="bbox 246 1685 833 1735; baseline -0.002 -12"><span class='ocrx_word' id='word_1_128' title='bbox 246 1685 302 1724; x_wconf 73' lang='lat'>25.</span> <span class='ocrx_word' id='word_1_129' title='bbox 320 1690 522 1732; x_wconf 71' lang='lat' dir='ltr'>Sulphure...</span> <span class='ocrx_word' id='word_1_130' title='bbox 538 1701 639 1721; x_wconf 81' lang='lat' dir='ltr'>sacro.</span> <span class='ocrx_word' id='word_1_131' title='bbox 649 1691 662 1732; x_wconf 93' lang='lat'>]</span> <span class='ocrx_word' id='word_1_132' title='bbox 674 1688 833 1735; x_wconf 84' lang='lat' dir='ltr'>Sulphur</span> 
     </span>
     <span class='ocr_line' id='line_1_26' title="bbox 197 1741 835 1788; baseline -0.005 -11"><span class='ocrx_word' id='word_1_133' title='bbox 197 1741 337 1777; x_wconf 72' lang='lat' dir='ltr'>Persius</span> <span class='ocrx_word' id='word_1_134' title='bbox 348 1741 469 1788; x_wconf 77' lang='lat' dir='ltr'>posuit</span> <span class='ocrx_word' id='word_1_135' title='bbox 484 1753 552 1787; x_wconf 89' lang='lat' dir='ltr'>pro</span> <span class='ocrx_word' id='word_1_136' title='bbox 569 1741 739 1782; x_wconf 78' lang='lat' dir='ltr'>fulmine3</span> <span class='ocrx_word' id='word_1_137' title='bbox 752 1753 835 1774; x_wconf 88' lang='lat' dir='ltr'>nam</span> 
     </span>
     <span class='ocr_line' id='line_1_27' title="bbox 197 1792 837 1841; baseline -0.005 -12"><span class='ocrx_word' id='word_1_138' title='bbox 197 1794 419 1841; x_wconf 72' lang='lat' dir='ltr'>etculphuris</span> <span class='ocrx_word' id='word_1_139' title='bbox 425 1792 572 1827; x_wconf 88' lang='lat' dir='ltr'>odorem</span> <span class='ocrx_word' id='word_1_140' title='bbox 578 1794 683 1827; x_wconf 88' lang='lat' dir='ltr'>habet</span> <span class='ocrx_word' id='word_1_141' title='bbox 690 1795 727 1826; x_wconf 86' lang='lat' dir='ltr'>fn</span> <span class='ocrx_word' id='word_1_142' title='bbox 731 1793 837 1833; x_wconf 89' lang='lat' dir='ltr'>lmen,</span> 
     </span>
     <span class='ocr_line' id='line_1_28' title="bbox 198 1847 833 1894; baseline -0.005 -11"><span class='ocrx_word' id='word_1_143' title='bbox 198 1855 238 1883; x_wconf 77' lang='lat' dir='ltr'>et</span> <span class='ocrx_word' id='word_1_144' title='bbox 244 1848 311 1882; x_wconf 80' lang='lat' dir='ltr'>lux</span> <span class='ocrx_word' id='word_1_145' title='bbox 320 1849 396 1894; x_wconf 79' lang='lat' dir='ltr'>ejus</span> <span class='ocrx_word' id='word_1_146' title='bbox 404 1847 550 1880; x_wconf 79' lang='lat' dir='ltr'>materia</span> <span class='ocrx_word' id='word_1_147' title='bbox 564 1856 616 1880; x_wconf 86' lang='lat' dir='ltr'>est</span> <span class='ocrx_word' id='word_1_148' title='bbox 628 1847 833 1892; x_wconf 82' lang='lat' dir='ltr'>sulphurea.</span> 
     </span>
     <span class='ocr_line' id='line_1_29' title="bbox 200 1899 836 1942; baseline 0.003 -11"><span class='ocrx_word' id='word_1_149' title='bbox 200 1901 355 1942; x_wconf 74' lang='lat' dir='ltr'>—-Qaa&#39;m</span> <span class='ocrx_word' id='word_1_150' title='bbox 365 1909 464 1942; x_wconf 80' lang='lat' dir='ltr'>tuque</span> <span class='ocrx_word' id='word_1_151' title='bbox 476 1902 661 1942; x_wconf 68' lang='lat' dir='ltr'>domusque.</span> <span class='ocrx_word' id='word_1_152' title='bbox 668 1899 836 1933; x_wconf 76' lang='lat' dir='ltr'>Alludere</span> 
     </span>
     <span class='ocr_line' id='line_1_30' title="bbox 199 1949 836 1987; baseline -0.002 -1"><span class='ocrx_word' id='word_1_153' title='bbox 199 1949 345 1987; x_wconf 75' lang='lat' dir='ltr'>videtur</span> <span class='ocrx_word' id='word_1_154' title='bbox 363 1949 408 1984; x_wconf 84' lang='lat' dir='ltr'>ad</span> <span class='ocrx_word' id='word_1_155' title='bbox 428 1951 528 1984; x_wconf 88' lang='lat' dir='ltr'>hunc</span> <span class='ocrx_word' id='word_1_156' title='bbox 549 1950 696 1985; x_wconf 83' lang='lat' dir='ltr'>Homeri</span> <span class='ocrx_word' id='word_1_157' title='bbox 714 1951 836 1985; x_wconf 81' lang='lat' dir='ltr'>locum</span> 
     </span>
     <span class='ocr_line' id='line_1_31' title="bbox 200 2002 836 2051; baseline 0.002 -14"><span class='ocrx_word' id='word_1_158' title='bbox 200 2002 248 2038; x_wconf 83' lang='lat' dir='ltr'>de</span> <span class='ocrx_word' id='word_1_159' title='bbox 257 2003 300 2037; x_wconf 74' lang='lat' dir='ltr'>ii·</span> <span class='ocrx_word' id='word_1_160' title='bbox 311 2015 403 2050; x_wconf 77' lang='lat' dir='ltr'>quos</span> <span class='ocrx_word' id='word_1_161' title='bbox 418 2004 529 2038; x_wconf 76' lang='lat' dir='ltr'>serior</span> <span class='ocrx_word' id='word_1_162' title='bbox 540 2003 685 2051; x_wconf 80' lang='lat' dir='ltr'>quidem</span> <span class='ocrx_word' id='word_1_163' title='bbox 693 2029 704 2046; x_wconf 93' lang='lat'>‚</span> <span class='ocrx_word' id='word_1_164' title='bbox 719 2003 836 2038; x_wconf 83' lang='lat' dir='ltr'>sed-eo</span> 
     </span>
     <span class='ocr_line' id='line_1_32' title="bbox 200 2053 835 2101; baseline -0.003 -11"><span class='ocrx_word' id='word_1_165' title='bbox 200 2054 341 2101; x_wconf 70' lang='lat' dir='ltr'>gravior</span> <span class='ocrx_word' id='word_1_166' title='bbox 349 2054 414 2088; x_wconf 79' lang='lat' dir='ltr'>Dei</span> <span class='ocrx_word' id='word_1_167' title='bbox 426 2053 581 2089; x_wconf 79' lang='lat' dir='ltr'>vindicta</span> <span class='ocrx_word' id='word_1_168' title='bbox 588 2055 814 2101; x_wconf 77' lang='lat' dir='ltr'>persequitur</span> <span class='ocrx_word' id='word_1_169' title='bbox 825 2067 835 2087; x_wconf 91' lang='lat'><strong>:</strong></span> 
     </span>
     <span class='ocr_line' id='line_1_33' title="bbox 197 2108 836 2160; baseline 0 -12"><span class='ocrx_word' id='word_1_170' title='bbox 197 2114 299 2159; x_wconf 70' lang='grc' dir='ltr'>Εἴπερ</span> <span class='ocrx_word' id='word_1_171' title='bbox 322 2113 386 2159; x_wconf 77' lang='grc' dir='ltr'>γάρ</span> <span class='ocrx_word' id='word_1_172' title='bbox 409 2126 447 2147; x_wconf 73' lang='grc' dir='ltr'>τε</span> <span class='ocrx_word' id='word_1_173' title='bbox 470 2113 525 2148; x_wconf 70' lang='grc' dir='ltr'>καὶ</span> <span class='ocrx_word' id='word_1_174' title='bbox 550 2115 654 2149; x_wconf 59' lang='lat' dir='ltr'>dorix·</span> <span class='ocrx_word' id='word_1_175' title='bbox 673 2108 836 2160; x_wconf 78' lang='grc' dir='ltr'>ὀλύμπιος</span> 
     </span>
     <span class='ocr_line' id='line_1_34' title="bbox 211 2165 522 2208; baseline 0.003 -9"><span class='ocrx_word' id='word_1_176' title='bbox 211 2187 215 2191; x_wconf 89' lang='lat'><em>-</em></span> <span class='ocrx_word' id='word_1_177' title='bbox 253 2165 310 2200; x_wconf 59' lang='grc' dir='ltr'>οὐκ</span> <span class='ocrx_word' id='word_1_178' title='bbox 332 2166 496 2200; x_wconf 68' lang='grc' dir='ltr'><strong>ἐτέλεσσεν</strong></span> <span class='ocrx_word' id='word_1_179' title='bbox 510 2192 522 2208; x_wconf 89' lang='grc'><em>,</em></span> 
     </span>
     <span class='ocr_line' id='line_1_35' title="bbox 200 2210 835 2265; baseline 0.002 -13"><span class='ocrx_word' id='word_1_180' title='bbox 200 2210 249 2252; x_wconf 66' lang='lat' dir='ltr'>fix</span> <span class='ocrx_word' id='word_1_181' title='bbox 260 2230 301 2263; x_wconf 75' lang='grc' dir='ltr'>γε</span> <span class='ocrx_word' id='word_1_182' title='bbox 322 2217 377 2252; x_wconf 67' lang='lat' dir='ltr'>aad</span> <span class='ocrx_word' id='word_1_183' title='bbox 394 2218 448 2261; x_wconf 74' lang='grc' dir='ltr'>ὀψὲ</span> <span class='ocrx_word' id='word_1_184' title='bbox 463 2221 564 2254; x_wconf 71' lang='grc' dir='ltr'>τελεῖ·</span> <span class='ocrx_word' id='word_1_185' title='bbox 582 2221 637 2254; x_wconf 77' lang='grc' dir='ltr'>σὺν</span> <span class='ocrx_word' id='word_1_186' title='bbox 652 2233 689 2253; x_wconf 84' lang='grc' dir='ltr'>τε</span> <span class='ocrx_word' id='word_1_187' title='bbox 704 2220 835 2265; x_wconf 68' lang='grc' dir='ltr'><strong>μεγάλῳ</strong></span> 
     </span>
    </p>

    <p class='ocr_par' dir='ltr' id='par_1_11' title="bbox 202 2270 839 2370">
     <span class='ocr_line' id='line_1_36' title="bbox 253 2270 413 2305; baseline 0 -1"><span class='ocrx_word' id='word_1_188' title='bbox 253 2270 413 2305; x_wconf 70' lang='grc' dir='ltr'>ἀπέτισαν</span> 
     </span>
     <span class='ocr_line' id='line_1_37' title="bbox 202 2321 839 2370; baseline 0.002 -13"><span class='ocrx_word' id='word_1_189' title='bbox 202 2321 263 2357; x_wconf 68' lang='grc' dir='ltr'>Σὺν</span> <span class='ocrx_word' id='word_1_190' title='bbox 281 2327 378 2367; x_wconf 57' lang='lat' dir='ltr'>ocior.</span> <span class='ocrx_word' id='word_1_191' title='bbox 395 2327 550 2369; x_wconf 67' lang='grc' dir='ltr'>κεφαλῇσι</span> <span class='ocrx_word' id='word_1_192' title='bbox 567 2324 689 2370; x_wconf 76' lang='grc' dir='ltr'><strong>γυναιξί</strong></span> <span class='ocrx_word' id='word_1_193' title='bbox 707 2337 743 2358; x_wconf 88' lang='grc' dir='ltr'>τε</span> <span class='ocrx_word' id='word_1_194' title='bbox 754 2349 766 2366; x_wconf 83' lang='grc'><em>,</em></span> <span class='ocrx_word' id='word_1_195' title='bbox 783 2325 839 2359; x_wconf 73' lang='grc' dir='ltr'>καὶ</span> 
     </span>
    </p>

    <p class='ocr_par' dir='ltr' id='par_1_12' title="bbox 251 2376 758 2410">
     <span class='ocr_line' id='line_1_38' title="bbox 251 2376 758 2410; baseline 0.004 -2"><span class='ocrx_word' id='word_1_196' title='bbox 251 2377 429 2409; x_wconf 67' lang='grc' dir='ltr'>τεκέεσσιν.</span> <span class='ocrx_word' id='word_1_197' title='bbox 715 2376 758 2410; x_wconf 89' lang='lat' dir='ltr'>C·</span> 
     </span>
    </p>

    <p class='ocr_par' dir='ltr' id='par_1_13' title="bbox 214 2427 839 2472">
     <span class='ocr_line' id='line_1_39' title="bbox 214 2427 839 2472; baseline 0.003 -14"><span class='ocrx_word' id='word_1_198' title='bbox 214 2453 218 2458; x_wconf 93' lang='lat'>.</span> <span class='ocrx_word' id='word_1_199' title='bbox 251 2427 311 2459; x_wconf 73' lang='lat'>26.</span> <span class='ocrx_word' id='word_1_200' title='bbox 333 2430 406 2465; x_wconf 86' lang='lat' dir='ltr'>An,</span> <span class='ocrx_word' id='word_1_201' title='bbox 430 2429 530 2469; x_wconf 80' lang='lat' dir='ltr'>quia,</span> <span class='ocrx_word' id='word_1_202' title='bbox 545 2428 629 2472; x_wconf 60' lang='lat' dir='ltr'>eta]</span> <span class='ocrx_word' id='word_1_203' title='bbox 651 2427 743 2468; x_wconf 86' lang='lat' dir='ltr'>Quia</span> <span class='ocrx_word' id='word_1_204' title='bbox 764 2439 839 2460; x_wconf 91' lang='lat' dir='ltr'>non</span> 
     </span>
    </p>
   </div>
   <div class='ocr_carea' id='block_1_7' title="bbox 138 2475 841 2522">
    <p class='ocr_par' dir='ltr' id='par_1_14' title="bbox 138 2475 841 2522">
     <span class='ocr_line' id='line_1_40' title="bbox 138 2475 841 2522; baseline -0.01 -8"><span class='ocrx_word' id='word_1_205' title='bbox 138 2493 141 2497; x_wconf 93' lang='lat'>·</span> <span class='ocrx_word' id='word_1_206' title='bbox 200 2475 294 2522; x_wconf 65' lang='lat' dir='ltr'>jaces</span> <span class='ocrx_word' id='word_1_207' title='bbox 305 2475 343 2510; x_wconf 88' lang='lat' dir='ltr'>in</span> <span class='ocrx_word' id='word_1_208' title='bbox 356 2476 446 2510; x_wconf 83' lang='lat' dir='ltr'>lucis</span> <span class='ocrx_word' id='word_1_209' title='bbox 458 2477 556 2511; x_wconf 80' lang='lat' dir='ltr'>triste</span> <span class='ocrx_word' id='word_1_210' title='bbox 569 2477 729 2511; x_wconf 81' lang='lat' dir='ltr'>bidental</span> <span class='ocrx_word' id='word_1_211' title='bbox 743 2485 777 2511; x_wconf 87' lang='lat' dir='ltr'>et</span> <span class='ocrx_word' id='word_1_212' title='bbox 790 2478 841 2512; x_wconf 81' lang='lat' dir='ltr'>vi-</span> 
     </span>
    </p>
   </div>
   <div class='ocr_carea' id='block_1_8' title="bbox 877 846 1527 1260">
    <p class='ocr_par' dir='ltr' id='par_1_15' title="bbox 877 846 1527 1260">
     <span class='ocr_line' id='line_1_41' title="bbox 880 846 1519 893; baseline -0.002 -12"><span class='ocrx_word' id='word_1_213' title='bbox 880 847 1048 887; x_wconf 85' lang='lat' dir='ltr'>tandum,</span> <span class='ocrx_word' id='word_1_214' title='bbox 1064 847 1164 881; x_wconf 82' lang='lat' dir='ltr'>fibris</span> <span class='ocrx_word' id='word_1_215' title='bbox 1185 847 1308 881; x_wconf 83' lang='lat' dir='ltr'>ovium</span> <span class='ocrx_word' id='word_1_216' title='bbox 1329 846 1367 880; x_wconf 81' lang='lat' dir='ltr'>id</span> <span class='ocrx_word' id='word_1_217' title='bbox 1389 847 1519 893; x_wconf 79' lang='lat' dir='ltr'>signifi-</span> 
     </span>
     <span class='ocr_line' id='line_1_42' title="bbox 881 900 1521 946; baseline 0 -13"><span class='ocrx_word' id='word_1_218' title='bbox 881 901 1065 941; x_wconf 84' lang='lat' dir='ltr'>cantibus,</span> <span class='ocrx_word' id='word_1_219' title='bbox 1090 908 1126 934; x_wconf 83' lang='lat' dir='ltr'>et</span> <span class='ocrx_word' id='word_1_220' title='bbox 1150 900 1312 946; x_wconf 71' lang='lat' dir='ltr'>Ergenna</span> <span class='ocrx_word' id='word_1_221' title='bbox 1334 900 1521 946; x_wconf 82' lang='lat' dir='ltr'>haruspice</span> 
     </span>
     <span class='ocr_line' id='line_1_43' title="bbox 877 950 1520 999; baseline -0.002 -13"><span class='ocrx_word' id='word_1_222' title='bbox 877 953 1026 999; x_wconf 83' lang='lat' dir='ltr'>jubente</span> <span class='ocrx_word' id='word_1_223' title='bbox 1037 963 1048 993; x_wconf 90' lang='lat'>;</span> <span class='ocrx_word' id='word_1_224' title='bbox 1060 964 1104 986; x_wconf 83' lang='lat' dir='ltr'>an</span> <span class='ocrx_word' id='word_1_225' title='bbox 1115 976 1126 992; x_wconf 89' lang='lat'>‚</span> <span class='ocrx_word' id='word_1_226' title='bbox 1135 950 1269 985; x_wconf 85' lang='lat' dir='ltr'>idcirco</span> <span class='ocrx_word' id='word_1_227' title='bbox 1278 977 1288 993; x_wconf 93' lang='lat'><strong>‚</strong></span> <span class='ocrx_word' id='word_1_228' title='bbox 1299 952 1442 998; x_wconf 84' lang='lat' dir='ltr'>Jupiter</span> <span class='ocrx_word' id='word_1_229' title='bbox 1455 953 1520 986; x_wconf 86' lang='lat' dir='ltr'>tibi</span> 
     </span>
     <span class='ocr_line' id='line_1_44' title="bbox 881 1004 1521 1050; baseline 0.002 -13"><span class='ocrx_word' id='word_1_230' title='bbox 881 1005 1081 1046; x_wconf 81' lang='lat' dir='ltr'>concessit,</span> <span class='ocrx_word' id='word_1_231' title='bbox 1110 1011 1150 1037; x_wconf 93' lang='lat' dir='ltr'>ut</span> <span class='ocrx_word' id='word_1_232' title='bbox 1180 1004 1213 1038; x_wconf 89' lang='lat' dir='ltr'>ei</span> <span class='ocrx_word' id='word_1_233' title='bbox 1242 1004 1389 1050; x_wconf 89' lang='lat' dir='ltr'>impune</span> <span class='ocrx_word' id='word_1_234' title='bbox 1416 1005 1521 1038; x_wconf 65' lang='lat' dir='ltr'>vellus</span> 
     </span>
     <span class='ocr_line' id='line_1_45' title="bbox 883 1056 1522 1098; baseline 0.002 -8"><span class='ocrx_word' id='word_1_235' title='bbox 883 1057 1027 1090; x_wconf 86' lang='lat' dir='ltr'>barbam</span> <span class='ocrx_word' id='word_1_236' title='bbox 1036 1056 1206 1090; x_wconf 80' lang='lat' dir='ltr'>?—Fibris</span> <span class='ocrx_word' id='word_1_237' title='bbox 1216 1058 1329 1090; x_wconf 74' lang='lat' dir='ltr'>ovium.</span> <span class='ocrx_word' id='word_1_238' title='bbox 1342 1058 1451 1098; x_wconf 78' lang='lat' dir='ltr'>Extis,</span> <span class='ocrx_word' id='word_1_239' title='bbox 1465 1058 1522 1091; x_wconf 91' lang='lat' dir='ltr'>in-</span> 
     </span>
     <span class='ocr_line' id='line_1_46' title="bbox 885 1109 1521 1156; baseline 0.003 -14"><span class='ocrx_word' id='word_1_240' title='bbox 885 1109 1019 1143; x_wconf 66' lang='lat' dir='ltr'>testinis</span> <span class='ocrx_word' id='word_1_241' title='bbox 1042 1109 1165 1143; x_wconf 81' lang='lat' dir='ltr'>ovium</span> <span class='ocrx_word' id='word_1_242' title='bbox 1194 1109 1326 1155; x_wconf 85' lang='lat' dir='ltr'>quibus</span> <span class='ocrx_word' id='word_1_243' title='bbox 1355 1110 1521 1156; x_wconf 78' lang='lat' dir='ltr'>expiatis.</span> 
     </span>
     <span class='ocr_line' id='line_1_47' title="bbox 883 1162 1523 1209; baseline 0.005 -15"><span class='ocrx_word' id='word_1_244' title='bbox 883 1162 1154 1207; x_wconf 74' lang='lat' dir='ltr'>—Ergenniique</span> <span class='ocrx_word' id='word_1_245' title='bbox 1166 1164 1314 1207; x_wconf 82' lang='lat' dir='ltr'>jubente.</span> <span class='ocrx_word' id='word_1_246' title='bbox 1332 1164 1495 1209; x_wconf 83' lang='lat' dir='ltr'>Ergenna</span> <span class='ocrx_word' id='word_1_247' title='bbox 1511 1188 1523 1206; x_wconf 91' lang='lat'>,</span> 
     </span>
     <span class='ocr_line' id='line_1_48' title="bbox 884 1214 1527 1260; baseline 0.002 -12"><span class='ocrx_word' id='word_1_248' title='bbox 884 1227 1016 1248; x_wconf 87' lang='lat' dir='ltr'>nomen</span> <span class='ocrx_word' id='word_1_249' title='bbox 1036 1215 1225 1260; x_wconf 87' lang='lat' dir='ltr'>proprium</span> <span class='ocrx_word' id='word_1_250' title='bbox 1246 1214 1436 1248; x_wconf 85' lang='lat' dir='ltr'>sacerdotis</span> <span class='ocrx_word' id='word_1_251' title='bbox 1458 1216 1527 1249; x_wconf 82' lang='lat' dir='ltr'>sul·</span> 
     </span>
    </p>
   </div>
   <div class='ocr_carea' id='block_1_9' title="bbox 883 1265 1525 1365">
    <p class='ocr_par' dir='ltr' id='par_1_16' title="bbox 883 1265 1525 1365">
     <span class='ocr_line' id='line_1_49' title="bbox 883 1265 1525 1314; baseline 0.006 -15"><span class='ocrx_word' id='word_1_252' title='bbox 883 1279 1015 1314; x_wconf 75' lang='lat' dir='ltr'>garum</span> <span class='ocrx_word' id='word_1_253' title='bbox 1026 1265 1233 1300; x_wconf 78' lang='lat' dir='ltr'>conditoris.</span> <span class='ocrx_word' id='word_1_254' title='bbox 1244 1266 1328 1300; x_wconf 88' lang='lat' dir='ltr'>Vid.</span> <span class='ocrx_word' id='word_1_255' title='bbox 1336 1266 1380 1301; x_wconf 87' lang='lat' dir='ltr'>ad</span> <span class='ocrx_word' id='word_1_256' title='bbox 1390 1269 1412 1302; x_wconf 85' lang='lat' dir='ltr'><strong>J</strong></span> <span class='ocrx_word' id='word_1_257' title='bbox 1415 1280 1525 1303; x_wconf 82' lang='lat' dir='ltr'>uven.</span> 
     </span>
     <span class='ocr_line' id='line_1_50' title="bbox 885 1318 1201 1365; baseline -0.006 -12"><span class='ocrx_word' id='word_1_258' title='bbox 885 1328 951 1353; x_wconf 76' lang='lat' dir='ltr'>sat.</span> <span class='ocrx_word' id='word_1_259' title='bbox 965 1319 1020 1352; x_wconf 86' lang='lat' dir='ltr'>VI</span> <span class='ocrx_word' id='word_1_260' title='bbox 1031 1342 1043 1359; x_wconf 95' lang='lat'>,</span> <span class='ocrx_word' id='word_1_261' title='bbox 1059 1318 1139 1365; x_wconf 85' lang='lat'><strong>587.</strong></span> <span class='ocrx_word' id='word_1_262' title='bbox 1160 1318 1201 1351; x_wconf 91' lang='lat' dir='ltr'>P.</span> 
     </span>
    </p>
   </div>
   <div class='ocr_carea' id='block_1_10' title="bbox 882 1379 1532 2526">
    <p class='ocr_par' dir='ltr' id='par_1_17' title="bbox 882 1379 1532 2526">
     <span class='ocr_line' id='line_1_51' title="bbox 937 1379 1526 1425; baseline 0.002 -12"><span class='ocrx_word' id='word_1_263' title='bbox 937 1392 994 1425; x_wconf 82' lang='lat'>²7-</span> <span class='ocrx_word' id='word_1_264' title='bbox 1014 1380 1111 1412; x_wconf 66' lang='lat' dir='ltr'>stisoe</span> <span class='ocrx_word' id='word_1_265' title='bbox 1116 1380 1209 1423; x_wconf 79' lang='lat' dir='ltr'>jaces</span> <span class='ocrx_word' id='word_1_266' title='bbox 1222 1379 1318 1418; x_wconf 79' lang='lat' dir='ltr'>lucis,</span> <span class='ocrx_word' id='word_1_267' title='bbox 1331 1381 1402 1423; x_wconf 67' lang='lat' dir='ltr'>eta]</span> <span class='ocrx_word' id='word_1_268' title='bbox 1414 1380 1526 1414; x_wconf 83' lang='lat' dir='ltr'>Moris</span> 
     </span>
     <span class='ocr_line' id='line_1_52' title="bbox 886 1431 1526 1477; baseline -0.002 -11"><span class='ocrx_word' id='word_1_269' title='bbox 886 1439 961 1466; x_wconf 81' lang='lat' dir='ltr'>erat</span> <span class='ocrx_word' id='word_1_270' title='bbox 977 1456 988 1472; x_wconf 90' lang='lat'>,</span> <span class='ocrx_word' id='word_1_271' title='bbox 1011 1440 1054 1465; x_wconf 90' lang='lat' dir='ltr'>nt</span> <span class='ocrx_word' id='word_1_272' title='bbox 1075 1431 1138 1464; x_wconf 83' lang='lat' dir='ltr'>icti</span> <span class='ocrx_word' id='word_1_273' title='bbox 1158 1431 1309 1464; x_wconf 82' lang='lat' dir='ltr'>fulmine</span> <span class='ocrx_word' id='word_1_274' title='bbox 1321 1455 1332 1471; x_wconf 93' lang='lat'><strong>‚</strong></span> <span class='ocrx_word' id='word_1_275' title='bbox 1349 1443 1423 1477; x_wconf 86' lang='lat' dir='ltr'>quo</span> <span class='ocrx_word' id='word_1_276' title='bbox 1446 1432 1526 1466; x_wconf 90' lang='lat' dir='ltr'>loco</span> 
     </span>
     <span class='ocr_line' id='line_1_53' title="bbox 888 1483 1528 1530; baseline -0.002 -11"><span class='ocrx_word' id='word_1_277' title='bbox 888 1485 1027 1519; x_wconf 78' lang='lat' dir='ltr'>sueram</span> <span class='ocrx_word' id='word_1_278' title='bbox 1036 1483 1216 1523; x_wconf 77' lang='lat' dir='ltr'>exstincti,</span> <span class='ocrx_word' id='word_1_279' title='bbox 1227 1483 1277 1516; x_wconf 85' lang='lat' dir='ltr'>ibi</span> <span class='ocrx_word' id='word_1_280' title='bbox 1287 1483 1528 1530; x_wconf 85' lang='lat' dir='ltr'>relinqueren-</span> 
     </span>
     <span class='ocr_line' id='line_1_54' title="bbox 888 1535 1530 1582; baseline 0 -12"><span class='ocrx_word' id='word_1_281' title='bbox 888 1544 949 1570; x_wconf 83' lang='lat' dir='ltr'>tur</span> <span class='ocrx_word' id='word_1_282' title='bbox 959 1561 970 1577; x_wconf 92' lang='lat'>‚</span> <span class='ocrx_word' id='word_1_283' title='bbox 985 1548 1101 1582; x_wconf 87' lang='lat' dir='ltr'>neque</span> <span class='ocrx_word' id='word_1_284' title='bbox 1115 1535 1223 1568; x_wconf 83' lang='lat' dir='ltr'>instar</span> <span class='ocrx_word' id='word_1_285' title='bbox 1233 1535 1385 1569; x_wconf 85' lang='lat' dir='ltr'>aliorum</span> <span class='ocrx_word' id='word_1_286' title='bbox 1398 1549 1530 1570; x_wconf 86' lang='lat' dir='ltr'>crema-</span> 
     </span>
     <span class='ocr_line' id='line_1_55' title="bbox 889 1586 1529 1630; baseline 0 -8"><span class='ocrx_word' id='word_1_287' title='bbox 889 1597 1016 1622; x_wconf 88' lang='lat' dir='ltr'>rentur</span> <span class='ocrx_word' id='word_1_288' title='bbox 1032 1600 1043 1630; x_wconf 89' lang='lat'><strong>;</strong></span> <span class='ocrx_word' id='word_1_289' title='bbox 1066 1586 1126 1620; x_wconf 87' lang='lat' dir='ltr'>sed</span> <span class='ocrx_word' id='word_1_290' title='bbox 1139 1612 1150 1628; x_wconf 93' lang='lat'>‚</span> <span class='ocrx_word' id='word_1_291' title='bbox 1167 1586 1300 1620; x_wconf 87' lang='lat' dir='ltr'>ibidem</span> <span class='ocrx_word' id='word_1_292' title='bbox 1315 1612 1326 1628; x_wconf 83' lang='lat'>‚</span> <span class='ocrx_word' id='word_1_293' title='bbox 1347 1588 1386 1621; x_wconf 87' lang='lat' dir='ltr'>in</span> <span class='ocrx_word' id='word_1_294' title='bbox 1401 1588 1529 1622; x_wconf 86' lang='lat' dir='ltr'>eodem</span> 
     </span>
     <span class='ocr_line' id='line_1_56' title="bbox 882 1640 1530 1686; baseline 0 -12"><span class='ocrx_word' id='word_1_295' title='bbox 882 1649 972 1674; x_wconf 82' lang='lat' dir='ltr'>statu</span> <span class='ocrx_word' id='word_1_296' title='bbox 980 1653 1054 1686; x_wconf 87' lang='lat' dir='ltr'>quo</span> <span class='ocrx_word' id='word_1_297' title='bbox 1062 1641 1200 1673; x_wconf 81' lang='lat' dir='ltr'>fuerant</span> <span class='ocrx_word' id='word_1_298' title='bbox 1206 1640 1338 1686; x_wconf 88' lang='lat' dir='ltr'>reperti</span> <span class='ocrx_word' id='word_1_299' title='bbox 1345 1641 1530 1686; x_wconf 86' lang='lat' dir='ltr'>sepeliren-</span> 
     </span>
     <span class='ocr_line' id='line_1_57' title="bbox 884 1693 1531 1740; baseline 0.003 -14"><span class='ocrx_word' id='word_1_300' title='bbox 884 1703 964 1727; x_wconf 89' lang='lat' dir='ltr'>tur:</span> <span class='ocrx_word' id='word_1_301' title='bbox 979 1706 1061 1726; x_wconf 86' lang='lat' dir='ltr'>nam</span> <span class='ocrx_word' id='word_1_302' title='bbox 1079 1694 1175 1726; x_wconf 83' lang='lat' dir='ltr'>nefas</span> <span class='ocrx_word' id='word_1_303' title='bbox 1189 1696 1263 1726; x_wconf 71' lang='lat' dir='ltr'>erat</span> <span class='ocrx_word' id='word_1_304' title='bbox 1278 1705 1337 1726; x_wconf 83' lang='lat' dir='ltr'>eos</span> <span class='ocrx_word' id='word_1_305' title='bbox 1358 1693 1394 1726; x_wconf 91' lang='lat' dir='ltr'>in</span> <span class='ocrx_word' id='word_1_306' title='bbox 1415 1706 1531 1740; x_wconf 83' lang='lat' dir='ltr'>genua</span> 
     </span>
     <span class='ocr_line' id='line_1_58' title="bbox 886 1745 1529 1791; baseline -0.002 -11"><span class='ocrx_word' id='word_1_307' title='bbox 886 1747 1009 1780; x_wconf 83' lang='lat' dir='ltr'>tollere</span> <span class='ocrx_word' id='word_1_308' title='bbox 1020 1753 1055 1779; x_wconf 89' lang='lat' dir='ltr'>et</span> <span class='ocrx_word' id='word_1_309' title='bbox 1071 1745 1209 1778; x_wconf 78' lang='lat' dir='ltr'>efferre.</span> <span class='ocrx_word' id='word_1_310' title='bbox 1218 1746 1338 1778; x_wconf 89' lang='lat' dir='ltr'>Locus</span> <span class='ocrx_word' id='word_1_311' title='bbox 1350 1745 1425 1791; x_wconf 85' lang='lat' dir='ltr'>ipse</span> <span class='ocrx_word' id='word_1_312' title='bbox 1434 1758 1529 1779; x_wconf 78' lang='lat' dir='ltr'>sacer</span> 
     </span>
     <span class='ocr_line' id='line_1_59' title="bbox 888 1791 1528 1839; baseline 0 -8"><span class='ocrx_word' id='word_1_313' title='bbox 888 1791 1103 1839; x_wconf 74' lang='lat' dir='ltr'>habebatur,</span> <span class='ocrx_word' id='word_1_314' title='bbox 1121 1810 1161 1831; x_wconf 87' lang='lat' dir='ltr'>ac</span> <span class='ocrx_word' id='word_1_315' title='bbox 1177 1798 1279 1831; x_wconf 87' lang='lat' dir='ltr'>certis</span> <span class='ocrx_word' id='word_1_316' title='bbox 1297 1798 1528 1839; x_wconf 79' lang='lat' dir='ltr'>caerimoniis,</span> 
     </span>
     <span class='ocr_line' id='line_1_60' title="bbox 886 1851 1527 1898; baseline 0.002 -14"><span class='ocrx_word' id='word_1_317' title='bbox 886 1860 998 1898; x_wconf 81' lang='lat' dir='ltr'>prout</span> <span class='ocrx_word' id='word_1_318' title='bbox 1009 1851 1109 1884; x_wconf 86' lang='lat' dir='ltr'>libris</span> <span class='ocrx_word' id='word_1_319' title='bbox 1118 1851 1353 1897; x_wconf 83' lang='lat' dir='ltr'>sulguralibus</span> <span class='ocrx_word' id='word_1_320' title='bbox 1365 1852 1504 1898; x_wconf 86' lang='lat' dir='ltr'>Tagetis</span> <span class='ocrx_word' id='word_1_321' title='bbox 1515 1877 1527 1891; x_wconf 93' lang='lat'>,</span> 
     </span>
     <span class='ocr_line' id='line_1_61' title="bbox 886 1905 1529 1939; baseline 0.002 -1"><span class='ocrx_word' id='word_1_322' title='bbox 886 1913 923 1939; x_wconf 89' lang='lat' dir='ltr'>et</span> <span class='ocrx_word' id='word_1_323' title='bbox 941 1905 1093 1938; x_wconf 86' lang='lat' dir='ltr'>aliorum</span> <span class='ocrx_word' id='word_1_324' title='bbox 1116 1905 1350 1938; x_wconf 85' lang='lat' dir='ltr'>Etruscorum</span> <span class='ocrx_word' id='word_1_325' title='bbox 1367 1907 1529 1939; x_wconf 88' lang='lat' dir='ltr'>contine-</span> 
     </span>
     <span class='ocr_line' id='line_1_62' title="bbox 886 1957 1530 2005; baseline 0.002 -14"><span class='ocrx_word' id='word_1_326' title='bbox 886 1958 1004 2000; x_wconf 84' lang='lat' dir='ltr'>batur,</span> <span class='ocrx_word' id='word_1_327' title='bbox 1013 1969 1108 1991; x_wconf 80' lang='lat' dir='ltr'>sacra</span> <span class='ocrx_word' id='word_1_328' title='bbox 1119 1969 1162 1990; x_wconf 92' lang='lat' dir='ltr'>eo</span> <span class='ocrx_word' id='word_1_329' title='bbox 1172 1957 1241 1990; x_wconf 89' lang='lat' dir='ltr'>loci</span> <span class='ocrx_word' id='word_1_330' title='bbox 1248 1957 1380 1991; x_wconf 84' lang='lat' dir='ltr'>fiebant</span> <span class='ocrx_word' id='word_1_331' title='bbox 1391 1971 1399 1991; x_wconf 91' lang='lat'><strong>:</strong></span> <span class='ocrx_word' id='word_1_332' title='bbox 1410 1971 1530 2005; x_wconf 91' lang='lat' dir='ltr'>neque</span> 
     </span>
     <span class='ocr_line' id='line_1_63' title="bbox 887 2008 1527 2056; baseline 0.002 -13"><span class='ocrx_word' id='word_1_333' title='bbox 887 2009 926 2043; x_wconf 84' lang='lat' dir='ltr'>id</span> <span class='ocrx_word' id='word_1_334' title='bbox 939 2009 1045 2043; x_wconf 84' lang='lat' dir='ltr'>semel</span> <span class='ocrx_word' id='word_1_335' title='bbox 1059 2009 1174 2043; x_wconf 81' lang='lat' dir='ltr'>solum</span> <span class='ocrx_word' id='word_1_336' title='bbox 1186 2035 1198 2051; x_wconf 89' lang='lat'>‚</span> <span class='ocrx_word' id='word_1_337' title='bbox 1214 2008 1276 2043; x_wconf 89' lang='lat' dir='ltr'>sed</span> <span class='ocrx_word' id='word_1_338' title='bbox 1290 2010 1328 2043; x_wconf 87' lang='lat' dir='ltr'>in</span> <span class='ocrx_word' id='word_1_339' title='bbox 1341 2019 1527 2056; x_wconf 84' lang='lat' dir='ltr'>posterum</span> 
     </span>
     <span class='ocr_line' id='line_1_64' title="bbox 888 2062 1527 2108; baseline 0 -12"><span class='ocrx_word' id='word_1_340' title='bbox 888 2063 992 2096; x_wconf 77' lang='lat' dir='ltr'>etiam</span> <span class='ocrx_word' id='word_1_341' title='bbox 1015 2062 1177 2108; x_wconf 86' lang='lat' dir='ltr'>religiose</span> <span class='ocrx_word' id='word_1_342' title='bbox 1200 2062 1300 2096; x_wconf 84' lang='lat' dir='ltr'>locus</span> <span class='ocrx_word' id='word_1_343' title='bbox 1322 2064 1504 2097; x_wconf 85' lang='lat' dir='ltr'>colebatur</span> <span class='ocrx_word' id='word_1_344' title='bbox 1514 2089 1527 2104; x_wconf 87' lang='lat'><em>‚</em></span> 
     </span>
     <span class='ocr_line' id='line_1_65' title="bbox 888 2115 1529 2161; baseline -0.002 -12"><span class='ocrx_word' id='word_1_345' title='bbox 888 2115 956 2149; x_wconf 84' lang='lat' dir='ltr'>aris</span> <span class='ocrx_word' id='word_1_346' title='bbox 976 2115 1080 2148; x_wconf 86' lang='lat' dir='ltr'>etiam</span> <span class='ocrx_word' id='word_1_347' title='bbox 1102 2115 1153 2148; x_wconf 88' lang='lat' dir='ltr'>ibi</span> <span class='ocrx_word' id='word_1_348' title='bbox 1170 2115 1312 2161; x_wconf 86' lang='lat' dir='ltr'>positis,</span> <span class='ocrx_word' id='word_1_349' title='bbox 1329 2124 1365 2149; x_wconf 86' lang='lat' dir='ltr'>et</span> <span class='ocrx_word' id='word_1_350' title='bbox 1386 2116 1529 2161; x_wconf 89' lang='lat' dir='ltr'>reliquo</span> 
     </span>
     <span class='ocr_line' id='line_1_66' title="bbox 888 2164 1532 2210; baseline 0 -12"><span class='ocrx_word' id='word_1_351' title='bbox 888 2165 1142 2198; x_wconf 83' lang='lat' dir='ltr'>sacrificiorum</span> <span class='ocrx_word' id='word_1_352' title='bbox 1161 2173 1346 2210; x_wconf 86' lang='lat' dir='ltr'>apparatu.</span> <span class='ocrx_word' id='word_1_353' title='bbox 1363 2164 1391 2196; x_wconf 84' lang='lat' dir='ltr'><strong>F</strong></span> <span class='ocrx_word' id='word_1_354' title='bbox 1393 2165 1532 2210; x_wconf 80' lang='lat' dir='ltr'>ulgnri-</span> 
     </span>
     <span class='ocr_line' id='line_1_67' title="bbox 889 2217 1531 2261; baseline -0.002 -9"><span class='ocrx_word' id='word_1_355' title='bbox 889 2226 967 2252; x_wconf 82' lang='lat' dir='ltr'>tum</span> <span class='ocrx_word' id='word_1_356' title='bbox 982 2226 1098 2251; x_wconf 88' lang='lat' dir='ltr'>autem</span> <span class='ocrx_word' id='word_1_357' title='bbox 1112 2217 1253 2251; x_wconf 85' lang='lat' dir='ltr'>Persius</span> <span class='ocrx_word' id='word_1_358' title='bbox 1270 2217 1360 2250; x_wconf 82' lang='lat' dir='ltr'>dixit</span> <span class='ocrx_word' id='word_1_359' title='bbox 1369 2220 1483 2261; x_wconf 74' lang='lat' dir='ltr'>jacere</span> <span class='ocrx_word' id='word_1_360' title='bbox 1494 2221 1531 2251; x_wconf 79' lang='lat' dir='ltr'>in</span> 
     </span>
     <span class='ocr_line' id='line_1_68' title="bbox 889 2270 1529 2316; baseline 0.002 -13"><span class='ocrx_word' id='word_1_361' title='bbox 889 2273 968 2303; x_wconf 80' lang='lat' dir='ltr'>lucis</span> <span class='ocrx_word' id='word_1_362' title='bbox 981 2296 991 2309; x_wconf 93' lang='lat'>‚</span> <span class='ocrx_word' id='word_1_363' title='bbox 1017 2271 1101 2316; x_wconf 85' lang='lat' dir='ltr'>quia</span> <span class='ocrx_word' id='word_1_364' title='bbox 1130 2271 1231 2303; x_wconf 85' lang='lat' dir='ltr'>locus</span> <span class='ocrx_word' id='word_1_365' title='bbox 1263 2282 1359 2303; x_wconf 84' lang='lat' dir='ltr'>sacer</span> <span class='ocrx_word' id='word_1_366' title='bbox 1386 2270 1425 2303; x_wconf 88' lang='lat' dir='ltr'>in</span> <span class='ocrx_word' id='word_1_367' title='bbox 1455 2283 1529 2316; x_wconf 87' lang='lat' dir='ltr'>quo</span> 
     </span>
     <span class='ocr_line' id='line_1_69' title="bbox 890 2322 1527 2362; baseline -0.002 -5"><span class='ocrx_word' id='word_1_368' title='bbox 890 2324 1086 2357; x_wconf 86' lang='lat' dir='ltr'>exstinctus</span> <span class='ocrx_word' id='word_1_369' title='bbox 1096 2324 1209 2356; x_wconf 81' lang='lat' dir='ltr'>suerat</span> <span class='ocrx_word' id='word_1_370' title='bbox 1219 2323 1300 2354; x_wconf 89' lang='lat' dir='ltr'>luco</span> <span class='ocrx_word' id='word_1_371' title='bbox 1311 2322 1432 2355; x_wconf 87' lang='lat' dir='ltr'>similis</span> <span class='ocrx_word' id='word_1_372' title='bbox 1442 2332 1527 2362; x_wconf 82' lang='lat' dir='ltr'>erat,</span> 
     </span>
     <span class='ocr_line' id='line_1_70' title="bbox 890 2374 1529 2421; baseline 0.003 -13"><span class='ocrx_word' id='word_1_373' title='bbox 890 2378 974 2409; x_wconf 77' lang='lat' dir='ltr'>cum</span> <span class='ocrx_word' id='word_1_374' title='bbox 996 2376 1165 2408; x_wconf 87' lang='lat' dir='ltr'>intactum</span> <span class='ocrx_word' id='word_1_375' title='bbox 1188 2383 1326 2407; x_wconf 83' lang='lat' dir='ltr'>maneat</span> <span class='ocrx_word' id='word_1_376' title='bbox 1347 2374 1529 2421; x_wconf 83' lang='lat' dir='ltr'>quidquid</span> 
     </span>
     <span class='ocr_line' id='line_1_71' title="bbox 890 2426 1530 2470; baseline 0.005 -11"><span class='ocrx_word' id='word_1_377' title='bbox 890 2428 927 2460; x_wconf 90' lang='lat' dir='ltr'>in</span> <span class='ocrx_word' id='word_1_378' title='bbox 950 2439 993 2459; x_wconf 83' lang='lat' dir='ltr'>eo</span> <span class='ocrx_word' id='word_1_379' title='bbox 1014 2426 1189 2466; x_wconf 82' lang='lat' dir='ltr'>nascitur;</span> <span class='ocrx_word' id='word_1_380' title='bbox 1212 2433 1402 2470; x_wconf 84' lang='lat' dir='ltr'>propterea</span> <span class='ocrx_word' id='word_1_381' title='bbox 1415 2451 1427 2467; x_wconf 91' lang='lat'>‚</span> <span class='ocrx_word' id='word_1_382' title='bbox 1452 2428 1530 2462; x_wconf 87' lang='lat' dir='ltr'>sine</span> 
     </span>
     <span class='ocr_line' id='line_1_72' title="bbox 891 2477 1528 2526; baseline 0.005 -16"><span class='ocrx_word' id='word_1_383' title='bbox 891 2477 1003 2511; x_wconf 90' lang='lat' dir='ltr'>dubio</span> <span class='ocrx_word' id='word_1_384' title='bbox 1014 2503 1024 2520; x_wconf 93' lang='lat'>,</span> <span class='ocrx_word' id='word_1_385' title='bbox 1038 2485 1118 2523; x_wconf 88' lang='lat' dir='ltr'>post</span> <span class='ocrx_word' id='word_1_386' title='bbox 1130 2485 1265 2510; x_wconf 88' lang='lat' dir='ltr'>certum</span> <span class='ocrx_word' id='word_1_387' title='bbox 1276 2479 1444 2524; x_wconf 81' lang='lat' dir='ltr'>temporis</span> <span class='ocrx_word' id='word_1_388' title='bbox 1452 2479 1528 2526; x_wconf 84' lang='lat' dir='ltr'>lap-</span> 
     </span>
    </p>
   </div>
   <div class='ocr_carea' id='block_1_11' title="bbox 204 2588 1527 2684">
    <p class='ocr_par' dir='ltr' id='par_1_18' title="bbox 204 2588 1527 2684">
     <span class='ocr_line' id='line_1_73' title="bbox 251 2588 1527 2631; baseline 0.005 -13"><span class='ocrx_word' id='word_1_389' title='bbox 251 2589 294 2619; x_wconf 72' lang='lat' dir='ltr'>V.</span> <span class='ocrx_word' id='word_1_390' title='bbox 309 2589 365 2619; x_wconf 75' lang='lat'>23.</span> <span class='ocrx_word' id='word_1_391' title='bbox 383 2589 440 2620; x_wconf 82' lang='lat' dir='ltr'>Ae.</span> <span class='ocrx_word' id='word_1_392' title='bbox 458 2589 613 2620; x_wconf 75' lang='lat' dir='ltr'>vividior</span> <span class='ocrx_word' id='word_1_393' title='bbox 629 2588 728 2631; x_wconf 72' lang='lat' dir='ltr'>qnam</span> <span class='ocrx_word' id='word_1_394' title='bbox 746 2589 807 2625; x_wconf 84' lang='lat' dir='ltr'>ad,</span> <span class='ocrx_word' id='word_1_395' title='bbox 825 2600 899 2630; x_wconf 85' lang='lat' dir='ltr'>qnae</span> <span class='ocrx_word' id='word_1_396' title='bbox 916 2595 966 2619; x_wconf 83' lang='lat' dir='ltr'>est</span> <span class='ocrx_word' id='word_1_397' title='bbox 982 2589 1082 2619; x_wconf 85' lang='lat' dir='ltr'>lectio</span> <span class='ocrx_word' id='word_1_398' title='bbox 1095 2595 1161 2618; x_wconf 81' lang='lat' dir='ltr'>vet.</span> <span class='ocrx_word' id='word_1_399' title='bbox 1178 2588 1281 2619; x_wconf 78' lang='lat' dir='ltr'>schol.</span> <span class='ocrx_word' id='word_1_400' title='bbox 1300 2589 1381 2620; x_wconf 82' lang='lat' dir='ltr'>eod.</span> <span class='ocrx_word' id='word_1_401' title='bbox 1398 2591 1527 2624; x_wconf 80' lang='lat' dir='ltr'>Pithoei</span> 
     </span>
     <span class='ocr_line' id='line_1_74' title="bbox 204 2639 1457 2684; baseline 0.002 -14"><span class='ocrx_word' id='word_1_402' title='bbox 204 2639 306 2679; x_wconf 75' lang='lat' dir='ltr'>alter,</span> <span class='ocrx_word' id='word_1_403' title='bbox 320 2641 485 2672; x_wconf 71' lang='lat' dir='ltr'>Puteanus</span> <span class='ocrx_word' id='word_1_404' title='bbox 494 2663 505 2681; x_wconf 86' lang='lat'>,</span> <span class='ocrx_word' id='word_1_405' title='bbox 523 2643 673 2684; x_wconf 86' lang='lat' dir='ltr'>quinque</span> <span class='ocrx_word' id='word_1_406' title='bbox 687 2639 760 2680; x_wconf 83' lang='lat' dir='ltr'>alii,</span> <span class='ocrx_word' id='word_1_407' title='bbox 773 2648 805 2671; x_wconf 85' lang='lat' dir='ltr'>et</span> <span class='ocrx_word' id='word_1_408' title='bbox 825 2648 936 2672; x_wconf 81' lang='lat' dir='ltr'>noster</span> <span class='ocrx_word' id='word_1_409' title='bbox 946 2663 955 2678; x_wconf 85' lang='lat'>‚</span> <span class='ocrx_word' id='word_1_410' title='bbox 968 2649 1024 2672; x_wconf 81' lang='lat' dir='ltr'>at:</span> <span class='ocrx_word' id='word_1_411' title='bbox 1042 2641 1274 2673; x_wconf 74' lang='lat' dir='ltr'>Menteuianus</span> <span class='ocrx_word' id='word_1_412' title='bbox 1288 2652 1330 2672; x_wconf 84' lang='lat' dir='ltr'>ac</span> <span class='ocrx_word' id='word_1_413' title='bbox 1337 2664 1349 2679; x_wconf 91' lang='lat'>,</span> <span class='ocrx_word' id='word_1_414' title='bbox 1365 2643 1457 2675; x_wconf 75' lang='lat' dir='ltr'>male.</span> 
     </span>
    </p>
   </div>
   <div class='ocr_carea' id='block_1_12' title="bbox 1254 2699 1299 2747">
    <p class='ocr_par' dir='ltr' id='par_1_19' title="bbox 1254 2699 1299 2747">
     <span class='ocr_line' id='line_1_75' title="bbox 1254 2699 1299 2747; baseline 0 -8"><span class='ocrx_word' id='word_1_415' title='bbox 1254 2699 1299 2747; x_wconf 79' lang='grc'>4.</span> 
     </span>
    </p>
   </div>
  </div>
 </body>
</html>
