1846 3184
354 280 438 323 130

711 282 766 324 A.
803 282 1051 325 PERSII
1091 283 1347 326 FLACCI

407 366 467 405 At
487 373 529 406 te
548 364 772 406 nocturnis
786 365 907 421 juvat
926 365 1218 424 impallescere
1237 368 1423 409 chartis:

407 440 559 482 Cultor
578 440 694 483 enim
713 442 946 498 juvenum,
962 453 1161 502 purgatas
1183 444 1334 486 inser-is
1356 458 1480 487 aures

407 517 550 576 Fruge
567 518 812 560 Cleanthes.
832 519 970 561 Petite
986 520 1088 562 hinc
1103 522 1369 580 juvenesque
1387 537 1597 580 senesque

350 656 365 670 ι
380 653 489 673 maere
497 641 669 686 relictam.)
679 641 700 673 J
704 640 866 679 uvenale,
874 640 998 684 immo,

350 709 365 723 ι
380 692 533 739 Virgilio
561 693 640 740 ipso
669 692 874 739 dignissima
899 702 995 727 est.

769 749 830 789 Eq.
851 748 949 789 Crosc.

395 817 454 848 62.
473 816 520 846 At
535 822 565 845 te
583 814 773 857 nocturnis]
790 812 1000 847 Cornutum

347 866 559 902 dissimilem'
574 865 644 899 illis
663 866 873 900 hominibus
892 879 1000 914 supra

345 920 551 955 memoratis
562 919 1002 963 ostendit.—Impalle5cere

345 977 477 1008 chartis.
487 973 572 1008 Vid.
583 973 629 1008 ad
638 974 853 1009 Juven.vll
862 1000 872 1017 ,
884 986 943 1021 97.
954 975 997 1008 A.

393 1049 450 1083 63.
476 1050 585 1082 Cultor
609 1051 695 1082 enim
712 1050 905 1094 juventam]
930 1048 1000 1083 Co-

343 1103 388 1138 lis
403 1103 501 1137 enim
518 1104 699 1149 juvenum
720 1102 876 1146 animos,
895 1116 996 1150 γεωρ-

343 1159 410 1203 γεῖς
430 1155 494 1204 γὰρ
513 1156 558 1207 v}
582 1161 646 1191 τῶν
674 1158 751 1191 νέων
772 1158 997 1193 illm—Pur·

344 1219 443 1254 gatus
456 1211 567 1242 inseris
577 1222 680 1242 aures.
688 1209 849 1243 Primum
859 1233 870 1250 ‚
883 1216 924 1241 ut
937 1220 1000 1254 pe-

345 1263 440 1296 ritus
447 1256 611 1304 colonus,
623 1274 642 1296 a
652 1258 830 1296 vitiorum·
838 1261 998 1295 sentibus

345 1324 382 1349 et
407 1315 582 1362 vepribus
609 1327 669 1349 eos
693 1327 843 1362 purgas3
865 1313 997 1348 deinde

344 1369 451 1416 fruge
464 1369 590 1403 inseris
603 1368 747 1402 moralis
759 1368 996 1415 philosophiae

344 1421 561 1456 stoicorum.
601 1421 804 1455 Translatio
839 1433 857 1454 a
893 1421 998 1455 cultu

344 1487 515 1521 agrorum
535 1474 581 1508 ad
598 1474 710 1508 animi
729 1474 869 1508 cultum
886 1474 997 1508 usita-

345 1528 494 1562 tissima.
516 1527 570 1562 M.
589 1526 689 1560 Tull.
715 1526 911 1561 Tusculan.
931 1527 970 1560 II
987 1539 997 1560 ε

345 1583 475 1614 cultura
491 1582 597 1613 animi
610 1580 820 1624 philosophia
842 1590 907 1618 est,
923 1592 999 1623 quae

346 1635 497 1667 extrahit
507 1635 596 1666 vitia
607 1634 780 1672 radicitus,
793 1643 826 1666 et
827 1642 1002 1677 praeparat

345 1688 472 1719 animos
485 1687 534 1719 ad
547 1695 636 1718 satus
652 1686 874 1728 accipiendos,
894 1698 999 1728 eaque

345 1741 485 1772 mandat
495 1740 564 1778 his,
579 1748 630 1777 et,
647 1746 685 1770 uc
699 1737 747 1770 ita
760 1739 868 1770 dicam
877 1763 888 1777 ,
904 1739 996 1777 serit,

348 1805 424 1835 quoe
448 1793 564 1824 adulta
580 1791 716 1835 fluctus
743 1792 920 1824 uberrimos
938 1792 999 1835 fe·

309 1872 329 1883 ,,
346 1854 434 1878 runt.
453 1845 497 1879 C.

382 1915 440 1955 64.
449 1917 553 1959 Fruge
561 1913 746 1946 Cleanthea.
748 1915 760 1957 ]
770 1913 1000 1960 Philosophia

347 1966 494 2014 morali,
504 1978 614 2013 quarn
630 1965 831 2010 Cleanthes,
845 1967 1000 2001 Zenonis

348 2019 551 2066 discipulus
573 2027 609 2053 et
632 2031 836 2060 successor,
858 2019 998 2053 docuit.

348 2070 404 2104 De
433 2070 631 2111 Cleanthe,
654 2068 731 2104 vid.
759 2068 804 2103 ad
830 2071 998 2104 Juvenal.

349 2130 415 2157 sat.
431 2123 471 2156 II
481 2147 493 2164 ,
509 2135 545 2158 v.
565 2134 600 2168 7.
610 2126 772 2165 -—,—A11re.5
783 2124 1001 2167 inserisfruge

350 2174 538 2209 Cleanthed.
549 2174 695 2209 Variata
706 2186 773 2221 per
783 2174 996 2222 hypallagen

346 2228 487 2263 locutio
503 2240 512 2261 :
530 2240 608 2262 non
626 2231 721 2262 enim
745 2241 828 2262 arva
845 2229 996 2263 serimus

349 2283 388 2316 in
410 2282 536 2328 fruge;
557 2280 620 2315 sed
632 2306 643 2322 ‚
661 2282 805 2328 frugem
822 2282 860 2315 in
879 2282 970 2316 arvis
986 2295 994 2314 :

348 2336 398 2369 ita
408 2360 419 2378 ,
434 2344 471 2370 et
486 2335 524 2368 in
544 2334 691 2368 auribus
707 2336 828 2382 fruges
840 2360 851 2376 ‚
865 2334 902 2369 id
921 2344 974 2369 est
986 2361 997 2378 ,

349 2389 548 2436 disciplinae
560 2388 787 2430 inseruntur,
800 2401 874 2423 non
887 2390 999 2436 frugi-

349 2443 418 2476 bus
432 2444 713 2477 aures.—Petite
728 2444 816 2476 hinc.
833 2442 878 2476 Id
892 2450 944 2476 est
955 2468 966 2485 ,
980 2455 1000 2477 e

346 2496 580 2543 philosophia
596 2496 707 2530 stoica
719 2521 730 2538 ‚
749 2498 785 2530 et
800 2495 1000 2543 praesertim

1051 648 1070 670 e
1101 636 1255 672 Cornuti
1281 637 1485 684 disciplina.
1522 639 1563 672 C.
1594 646 1629 673 et
1658 638 1701 674 Ρ,

1049 690 1254 725 —Aliter
1244 703 1283 724 ιιι
1309 692 1403 725 notis
1427 692 1500 725 suis
1520 691 1565 726 ad
1589 692 1701 726 inter-

1050 744 1288 790 pretationem
1312 745 1448 780 abbatis
1465 749 1511 778 Le
1531 747 1701 782 Monm'er,

1053 797 1150 830 hunc
1178 797 1301 831 locum
1327 798 1526 845 explicabat
1549 800 1700 831 Diderot.

1057 850 1193 884 «Voici
1217 863 1258 884 ce
1286 863 1358 897 que
1384 863 1476 892 vous
1503 851 1583 885 leur
1609 851 1703 884 dites

1054 902 1154 947 (haee
1182 902 1322 948 phrasis
1353 903 1391 936 in
1420 912 1595 937 contextu
1625 916 1701 937 non

1053 963 1117 988 est.
1130 956 1166 1000 ):
1186 955 1270 989 c’est
1288 953 1376 989 dans
1393 963 1487 990 cette
1502 955 1613 990 etude
1632 968 1704 1002 que

1052 1019 1144 1043 vous
1163 1015 1372 1050 trouver-ez,
1388 1015 1424 1042 et
1439 1007 1527 1042 dans
1542 1008 1702 1042 l’adoles-

1053 1072 1162 1095 cence
1174 1068 1210 1094 et
1223 1058 1312 1094 dans
1325 1060 1412 1107 l’age
1426 1062 1576 1102 nance,
1587 1061 1621 1095 le
1633 1061 1703 1094 hut

1050 1113 1122 1148 fixe
1139 1126 1210 1161 que
1223 1126 1311 1147 vous
1333 1113 1445 1149 deva
1458 1126 1703 1160 voussspropo-

1050 1179 1126 1209 ser,
1142 1176 1178 1202 et
1197 1167 1258 1202 des
1273 1167 1475 1214 provisions
1491 1179 1587 1214 pour
1604 1167 1637 1200 la
1651 1167 1704 1200 fin

1052 1221 1098 1256 de
1112 1230 1216 1257 votre
1234 1222 1398 1266 carriere.
1417 1226 1521 1255 Porro
1542 1234 1635 1254 suam
1653 1223 1703 1254 in·

1051 1277 1313 1320 terpretationem
1327 1276 1374 1307 ita
1386 1276 1599 1307 commendat.
1613 1274 1703 1308 Cor-

1051 1336 1164 1361 nutus
1177 1341 1247 1374 que
1260 1328 1365 1362 Perse
1381 1327 1562 1361 introduit
1579 1326 1626 1361 ici
1641 1327 1705 1361 fait

1050 1381 1156 1427 lecon
1178 1385 1196 1415 a
1224 1382 1257 1415 la
1279 1383 1443 1428 jeunesse
1454 1381 1539 1424 {lui
1563 1393 1703 1415 recom-

1051 1434 1181 1469 mande
1198 1434 1243 1469 de
1256 1435 1381 1481 puiser
1399 1434 1487 1469 dans
1501 1433 1638 1468 l'etude
1657 1433 1704 1468 de

1050 1488 1084 1521 la
1105 1488 1333 1534 philosophie
1360 1487 1423 1521 des
1446 1487 1596 1522 conseils
1620 1489 1702 1534 ega-

1050 1540 1186 1574 lement
1204 1541 1308 1575 utiles
1327 1543 1346 1573 a
1366 1541 1448 1574 leur
1470 1543 1533 1587 Age
1554 1548 1589 1574 et
1610 1544 1628 1574 ἐι
1650 1553 1701 1573 un

1050 1595 1114 1639 age
1131 1593 1215 1639 plus
1234 1594 1363 1627 avance
1375 1618 1387 1634 ,
1407 1593 1476 1627 soit
1498 1605 1595 1639 pour
1615 1605 1703 1626 con-

1051 1647 1166 1680 naitre
1191 1646 1225 1680 le
1249 1646 1324 1679 vrai
1351 1646 1420 1680 but
1450 1644 1496 1679 de
1521 1645 1620 1679 leurs
1645 1658 1703 1679 ac-

1051 1700 1144 1734 tions
1165 1724 1176 1742 ‚
1209 1708 1340 1734 etc....
1374 1699 1461 1733 Dire
1493 1711 1565 1746 que
1596 1698 1703 1733 Perse

1051 1753 1153 1799 parle
1180 1753 1254 1794 ici,
1281 1752 1395 1794 c‘est,
1417 1755 1453 1800 je
1481 1753 1575 1786 crois
1590 1777 1602 1795 ‚
1630 1765 1703 1787 une

1052 1819 1187 1841 erreur.
1196 1807 1323 1841 croire
1332 1810 1405 1853 q'ue
1415 1806 1510 1840 celui
1521 1806 1587 1853 qui
1594 1806 1705 1853 parle,

1053 1860 1122 1894 soit
1151 1859 1360 1900 Cornutus,
1383 1860 1453 1894 soit
1483 1858 1591 1894 Perse
1605 1885 1616 1902 ,
1641 1859 1705 1893 ιά-

1053 1912 1171 1948 dresse
1185 1917 1204 1948 a
1223 1912 1286 1948 des
1298 1915 1426 1961 jeunes
1441 1924 1528 1960 gens
1547 1921 1584 1947 et
1601 1916 1621 1947 a
1640 1912 1704 1947 des

1052 1965 1254 2006 vieinards‚
1265 1967 1302 2014 je
1317 1979 1364 2000 ne
1382 1965 1494 2000 doute
1508 1965 1615 2012 point
1629 1978 1702 2012 que

1052 2032 1093 2054 ce
1105 2032 1151 2054 ne
1165 2020 1235 2054 soit
1247 2032 1297 2053 un
1311 2027 1549 2054 contre-sens.
1560 2021 1604 2051 Ee
1613 2020 1704 2062 infra

1051 2076 1168 2106 addit.
1187 2074 1371 2108 Cornutus
1392 2071 1526 2119 parle
1515 2071 1576 2106 xci.
1597 2072 1704 2106 Voici

1051 2140 1093 2161 ce
1113 2139 1162 2173 qu
1165 2127 1198 2160 il
1213 2126 1267 2161 dit
1281 2139 1348 2160 aux
1361 2128 1487 2173 jeunes
1504 2138 1588 2172 gens
1602 2129 1622 2159 ὲ
1638 2126 1723 2181 qui

1050 2179 1077 2213 il
1092 2179 1227 2226 preche
1245 2179 1279 2212 le
1301 2179 1504 2221 stoicisme3
1520 2187 1556 2212 et
1572 2178 1607 2212 le
1629 2161 1723 2212 dis-

1050 2243 1159 2265 cours
1174 2230 1219 2265 de
1233 2230 1419 2265 Cornutus
1434 2230 1561 2264 faisant
1573 2230 1676 2275 leqon
1691 2254 1702 2271 ‚

1051 2283 1143 2318 dure
1162 2284 1305 2331 jusqu'a
1327 2283 1498 2318 l’endroit
1522 2295 1572 2316 ou
1594 2282 1701 2317 Perse

1050 2338 1105 2371 lui
1119 2337 1173 2372 dit
1187 2351 1196 2372 ι
1212 2338 1286 2371 cela
1309 2346 1362 2371 est
1383 2338 1457 2371 fort
1477 2337 1595 2380 heau3
1614 2337 1703 2371 mais

1051 2390 1138 2424 allez
1159 2390 1314 2437 precher
1338 2390 1413 2423 cela
1443 2393 1463 2424 a
1488 2402 1554 2423 nos
1575 2398 1702 2423 centu-

1051 2443 1151 2477 rions
1166 2442 1312 2476 bouffis.
1328 2459 1342 2471 υ
1361 2442 1443 2476 Νοιι
1460 2442 1616 2489 ingenua
1634 2443 1703 2476 mi·

1051 2496 1092 2530 hi
1127 2495 1275 2531 videtur
1317 2496 1394 2530 haec
1438 2496 1563 2543 opinio
1586 2521 1597 2539 ,
1634 2507 1703 2530 nec

398 2605 442 2634 V.
456 2603 513 2634 63.
529 2602 640 2634 Cultor
654 2602 739 2634 enim
746 2603 915 2646 juvenum.
930 2604 979 2634 Ita
993 2602 1196 2634 restituimus
1208 2614 1250 2634 ex
1260 2602 1381 2634 nostris
1394 2602 1491 2634 codd.
1504 2605 1580 2634 Vct.
1593 2602 1700 2634 schol.

356 2661 389 2686 et
412 2663 486 2697 post
507 2668 585 2688 eum
608 2657 811 2688 recentiores
836 2657 979 2688 editores
997 2679 1008 2696 ‚
1030 2664 1150 2699 praeter
1172 2656 1296 2688 Lubin.
1324 2663 1357 2687 et
1383 2658 1538 2689 Prateum
1548 2680 1558 2697 ,
1569 2657 1700 2695 ,habent

355 2708 459 2740 cultor
472 2710 555 2741 enim
571 2721 602 2741 es
609 2711 776 2754 juvenum.
789 2710 833 2744 Τὸ
847 2721 880 2742 es
887 2733 899 2748 ,
915 2711 1079 2754 ingratum
1094 2717 1126 2742 et
1141 2709 1260 2742 inutile
1273 2709 1372 2742 nobis
1386 2710 1526 2742 videtur.
