1846 3184
303 315 392 359 236
568 318 615 360 C.
648 317 914 362 LUCILII
947 319 1375 367 FRAGMENTA

884 405 924 441 X
936 404 966 440 C
979 405 998 440 Ι
1013 405 1031 440 I
1043 406 1074 441 Ι.

363 491 664 503 ............
689 466 857 504 Mantisa
874 468 1036 519 opsonia
1049 468 1181 507 vincit.

890 533 930 569 X
942 534 972 570 C
984 535 1060 571 IV.

354 595 513 645 Equum
532 579 942 646 pedibus-stlembum.

899 663 940 699 X
952 662 982 698 C
990 663 1039 700 V.

353 724 500 763 Vinum
518 724 709 762 crucium.

515 790 518 795 '
889 791 930 827 X
942 790 972 826 C
980 791 1015 826 V
1024 791 1056 827 Ι.

351 851 431 899 Qui
449 852 654 890 schedium
672 853 764 890 facit
782 852 1030 891 inconditum
1048 862 1088 892 et
1104 854 1400 895 inelaboratum.

877 921 917 956 X
929 919 959 955 C
969 921 1004 956 V
1013 920 1031 955 1
1044 920 1076 955 I.

353 983 471 1020 Terra
489 981 585 1020 abiit
603 982 644 1021 in
663 983 820 1021 nimbos
832 1012 843 1030 ‚
863 982 1101 1034 imbresque.

854 1049 895 1085 X
907 1050 936 1086 C
945 1050 981 1085 V
990 1051 1008 1085 Ι
1022 1051 1039 1085 Ι
1051 1050 1082 1085 Ι.

362 1141 664 1150 ............
688 1112 867 1151 Caecilius
884 1115 1029 1151 Praetor
1046 1127 1096 1151 ne
1113 1113 1274 1151 rusticu'
1291 1114 1372 1152 fias.

885 1179 924 1215 X
937 1179 967 1215 C
978 1180 997 1215 Ι
1009 1180 1061 1216 X.

352 1244 454 1294 Ergo
470 1245 685 1281 Praetorum
706 1251 765 1280 est
781 1251 870 1284 ante
889 1243 1037 1295 praeire.

953 1310 997 1345 C.
1028 1323 1035 1329 ·

358 1399 607 1409 ..........
632 1375 834 1420 Quantum
851 1371 1050 1411 hinnitum
1069 1380 1187 1424 atque
1205 1372 1435 1424 equitatum.

938 1439 969 1475 C
981 1440 1011 1474 Ι.

359 1528 956 1538 .......................
979 1502 1208 1548 Quadranti’
1226 1502 1342 1539 ratiti.

921 1567 951 1603 C
964 1568 982 1603 Ι
994 1568 1024 1603 Ι.

351 1630 526 1669 Persium
544 1644 625 1669 non
642 1643 739 1668 curo
757 1630 885 1682 legere
901 1629 1004 1676 haec;
1020 1630 1185 1669 Laelium
1204 1630 1411 1669 Decimum
1426 1629 1530 1668 volo.

908 1696 939 1732 C
952 1697 970 1732 1
982 1697 1002 1732 Ι
1013 1697 1044 1733 Ι.

347 1761 581 1812 Priusquam
597 1759 796 1812 Theognis
814 1768 1049 1798 nasceretur.

915 1826 945 1862 C
957 1826 976 1862 1
985 1827 1034 1862 V.

347 1890 546 1927 Lactentia
565 1889 694 1928 coacla
716 1903 809 1927 cum
832 1889 951 1927 melle
969 1889 1066 1927 bibi.

927 1955 958 1992 C
966 1956 1015 1993 V.

348 2007 451 2046 Huic
470 2007 660 2046 Terentiae
680 2007 855 2045 Orbiliae.

410 2067 463 2101 ι.

344 2133 400 2174 93.
418 2135 533 2164 Festus
551 2143 558 2162 :
579 2131 723 2162 Mantisa
745 2130 949 2163 additamen-
1049 2143 1104 2173 99.
1121 2135 1229 2164 Varro
1240 2156 1250 2172 ‚
1264 2133 1305 2164 de
1322 2132 1415 2176 Ling.
1430 2134 1503 2165 Lat.
1516 2133 1577 2165 lib.
1591 2134 1653 2165 lv.

296 2194 368 2218 mm
377 2185 502 2217 dicitur
509 2183 623 2227 lingua
631 2182 756 2222 Tusca,
766 2183 857 2225 quod
866 2194 949 2233 pon-
984 2221 988 2225 ,
1051 2196 1126 2216 100.
1140 2188 1264 2223 Varro,
1279 2186 1320 2216 de
1335 2187 1427 2228 Ling.
1441 2188 1509 2217 Lat.
1521 2187 1581 2217 lib.
1594 2187 1653 2217 VI.

296 2241 367 2272 deri
379 2240 546 2283 adjicitur.
605 2241 616 2254 ’
1052 2249 1093 2268 10
1101 2250 1113 2268 1
1121 2262 1128 2268 .
1142 2240 1248 2270 Varro
1259 2262 1268 2277 ‚
1282 2239 1323 2270 de
1335 2241 1429 2281 Ling.
1438 2238 1511 2270 Lat.
1523 2238 1582 2269 lib.
1592 2240 1652 2270 lv.

343 2300 386 2335 94
392 2317 400 2325 .
413 2291 442 2325 F
443 2301 502 2325 est.
517 2292 683 2329 stlembus,
694 2292 813 2335 gravis,
821 2291 946 2323 tardus.
1000 2291 1134 2332 Opilius
1140 2292 1300 2322 Aurelius
1307 2293 1434 2323 dictum
1441 2298 1551 2333 putat,
1561 2291 1654 2333 quod

341 2349 397 2388 95.
414 2346 564 2378 Crucium
572 2370 583 2384 ,
599 2346 717 2377 vinum
732 2346 878 2376 insuave.
999 2345 1038 2375 iu
1047 2344 1229 2386 quadrante
1242 2351 1274 2375 et
1286 2346 1322 2375 in
1334 2345 1455 2375 triente
1465 2345 1545 2375 ratis
1556 2345 1658 2376 fuerit

344 2402 399 2442 96.
419 2404 534 2432 Festus
549 2412 557 2432 :
577 2399 716 2432 Schedia
726 2423 737 2437 ‚
755 2410 861 2443 genus
883 2410 948 2430 na·-
1001 2397 1128 2440 effigies
1141 2420 1152 2437 ‚
1166 2405 1204 2428 ut
1217 2398 1312 2428 navis
1325 2399 1362 2428 in
1375 2408 1453 2429 asse.

292 2455 374 2497 vigii
386 2455 576 2492 inconditi,
588 2453 744 2485 trabibus
755 2460 885 2484 tantum
897 2453 948 2483 in·
1051 2462 1127 2483 102.
1143 2452 1262 2483 cicero
1271 2474 1281 2489 ‚
1295 2451 1336 2482 de
1355 2453 1495 2483 Oratore
1503 2474 1513 2489 ‚
1525 2451 1586 2482 lib.
1599 2453 1631 2483 11
1642 2475 1653 2491 ,

294 2515 345 2539 ter
368 2520 403 2539 se
426 2508 588 2540 connexis
613 2508 691 2539 facti
706 2530 716 2545 ‚
739 2517 808 2548 quo
831 2506 949 2537 merci·
1053 2506 1130 2537 103.
1148 2506 1190 2537 A.
1209 2505 1357 2543 Gellius,
1372 2505 1431 2535 lib.
1443 2507 1478 2543 1,
1494 2515 1565 2547 cap.
1582 2506 1615 2536 3.

292 2563 407 2593 monia
432 2561 675 2593 circumferunt
699 2568 778 2603 post
800 2561 949 2592 amissam
1053 2565 1128 2596 104.
1148 2558 1275 2590 Goacla.
1294 2561 1392 2589 Forte
1402 2581 1412 2596 ‚
1434 2559 1500 2590 Coa
1510 2558 1615 2589 ¹clam.

293 2624 423 2646 navem.
1052 2612 1126 2643 105.
1140 2612 1325 2642 Martianus
1340 2611 1471 2654 Capella
1482 2633 1492 2649 ‚
1505 2609 1566 2642 lib.
1578 2611 1650 2642 111:

342 2677 397 2707 97.
415 2670 542 2707 Varro,
560 2668 601 2700 de
615 2669 710 2711 Ling-
730 2670 799 2700 Lat.
815 2668 873 2700 lib.
887 2669 946 2699 IV.
1000 2665 1150 2698 Lucilius
1171 2664 1210 2698 in
1232 2664 1347 2697 dativo
1370 2676 1394 2698 a
1418 2671 1455 2704 et
1473 2674 1492 2696 e
1509 2663 1654 2707 conjun-

342 2721 397 2760 98.
415 2723 521 2755 Varro
533 2745 542 2762 ,
558 2723 600 2755 de
617 2723 715 2768 Ling-
730 2724 802 2755 Lat.
816 2722 875 2755 lib.
889 2723 947 2755 VI.
1002 2720 1060 2766 git.
1488 2727 1491 2730 ⁴
