1846 3184
318 304 399 350 136

668 309 719 350 A.
752 307 1001 352 PERSII
1044 308 1292 355 FLACCI

371 391 440 432 An
460 390 684 448 quisquam
702 402 764 434 est
780 392 887 434 alius
906 393 1039 446 liber,
1061 394 1144 436 nisi
1162 394 1319 437 ducere
1335 395 1465 437 vitam

372 467 452 508 Cui
473 467 572 509 licet
584 499 595 521 ‚
613 479 662 510 ut
678 468 846 510 voluit?
865 469 1003 523 Licet,
1022 481 1071 512 ut
1087 472 1187 514 volo
1200 504 1211 525 ‚
1230 473 1393 515 vivere:
1413 487 1501 515 non
1521 486 1617 515 sum

372 542 568 585 Liberior
587 543 752 585 Bruto?
774 544 983 587 Mendose
1003 546 1166 605 colligis
1181 579 1192 600 ,
1211 548 1354 605 inquit
1611 552 1654 589 85

371 620 537 662 Stoicus
555 619 649 672 hic,
668 635 817 662 aurem
838 620 1030 663 mordaci
1050 622 1163 665 lotus
1183 635 1317 667 aceto.

315 761 421 795 quam
433 756 472 782 tu
484 747 677 795 genuinam
692 748 960 795 agnoscis?Hoc

313 803 450 837 ironice
465 802 672 848 legendum.
690 802 846 844 Quidam
861 803 960 838 hunc

312 868 458 889 versum
491 856 726 901 sequentibus
762 855 961 902 aptandum

314 917 480 952 censent;
494 909 563 952 ita,
586 918 627 944 ut
646 922 664 942 a
683 909 813 943 liberto
832 909 961 956 quovis

313 967 432 1010 poetae
464 962 708 1010 respondente
746 964 792 997 sit
829 962 960 997 dictus.

313 1017 391 1063 Ego
411 1025 532 1050 autem
558 1016 726 1050 eumdem
754 1025 789 1050 et
813 1029 832 1050 a
856 1021 963 1063 poeta

313 1069 393 1115 ipso
407 1069 554 1104 allatum
573 1077 682 1116 puto3
695 1077 730 1103 et
747 1078 799 1103 est
816 1069 964 1104 conclu-

314 1123 368 1156 sio
382 1123 528 1157 ironica.
538 1123 617 1157 Jam
631 1134 741 1169 supra
753 1122 863 1157 dixit:
879 1125 958 1162 heu,

313 1178 435 1209 steriles
455 1179 554 1216 veri,
576 1178 691 1219 quibus
712 1189 778 1208 una
803 1178 959 1219 Quiritem

315 1230 446 1274 vertigo
469 1229 562 1273 facit
578 1234 592 1262 Ι
620 1230 730 1263 Dama
761 1238 824 1263 est.
842 1242 965 1264 servus

316 1282 452 1316 nullius
464 1283 588 1329 pretii,
602 1295 731 1329 vappa,
746 1283 881 1330 lippus,
893 1292 963 1317 etc.

315 1337 463 1370 verterit
487 1337 587 1374 hunc
619 1336 788 1370 dominus
807 1362 818 1379 ‚
847 1338 966 1372 statim
1011 1361 1017 1367 -

317 1388 359 1424 fit
372 1390 514 1423 Marcus
531 1391 640 1423 Dama
651 1414 660 1431 ‚
674 1389 711 1423 id
732 1399 784 1424 est
796 1415 807 1432 ,
828 1399 893 1424 tuo
907 1392 966 1437 ju·

318 1441 433 1485 dicio,
452 1442 544 1477 liber
566 1451 602 1477 et
619 1443 706 1477 civis
720 1469 730 1486 ‚
750 1443 838 1489 quin
859 1444 966 1478 etiam

318 1505 355 1530 et
382 1508 534 1543 sponsor
542 1521 560 1542 .’
583 1505 618 1530 et
643 1496 780 1544 judex,
807 1505 842 1531 et
871 1498 966 1531 testis

317 1548 394 1590 fiet,
404 1557 440 1583 et
453 1557 571 1583 tamen
586 1549 823 1586 nihilominus
837 1563 966 1597 vappa,

317 1602 443 1648 lippus
467 1610 503 1635 et
528 1602 661 1636 nebulo
689 1611 765 1636 est:
787 1615 830 1646 en
857 1603 968 1649 igitur

317 1655 385 1688 ista
397 1654 542 1688 libertas
556 1667 664 1701 quam
680 1656 784 1689 nobis
797 1656 891 1704 pilea
903 1655 968 1691 do·

319 1716 407 1741 nant
421 1707 428 1740 !
444 1708 540 1741 A.—
549 1711 618 1740 Hoc
630 1710 721 1741 nobis
731 1710 821 1752 pilea
829 1711 967 1742 donant!

319 1761 437 1802 Servi,
453 1761 555 1795 nudo
569 1762 705 1808 capite,
720 1763 904 1809 promissis
918 1775 970 1797 ca-

318 1814 417 1860 pillis
430 1814 645 1850 incedebant
659 1828 667 1848 :
683 1824 735 1858 at,
747 1818 830 1849 cum
843 1829 970 1851 manu-

321 1867 560 1901 mittebantur
570 1893 580 1910 ,
594 1881 672 1901 raso
687 1869 820 1914 capite,
832 1869 970 1916 insigne

319 1919 496 1954 libertatis
521 1920 660 1965 pileum
683 1921 906 1967 accipiebant
932 1923 971 1956 in

321 1972 460 2019 templo
491 1972 651 2006 Feroniae
675 1974 847 2008 libertatis
875 1977 970 2009 Deae.

320 2025 462 2060 Pileum
489 2033 608 2059 autem
635 2026 743 2060 fuisse
765 2028 903 2075 insigne
927 2029 970 2062 li-

320 2079 471 2114 bertatis
497 2080 663 2113 omnihus
685 2089 842 2123 notum;
869 2090 973 2122 etbex

322 2133 484 2167 nummis
516 2133 622 2167 etiam
656 2134 839 2180 colligitur
850 2160 860 2176 ‚
881 2148 972 2180 prae-

324 2186 446 2221 sertim
461 2198 506 2220 ex
523 2199 663 2220 numm.
680 2187 822 2220 familiae
836 2188 857 2220 J
862 2188 951 2221 uniae
962 2212 973 2229 ‚

324 2239 362 2273 in
384 2239 519 2286 quibus
530 2264 541 2280 ,
557 2252 598 2274 ex
613 2239 757 2274 adversa
776 2249 877 2287 parte
890 2266 900 2282 ‚
916 2241 972 2286 pi-

321 2293 404 2326 leus
417 2285 605 2338 inspicitur
621 2291 808 2339 impositus
831 2292 974 2326 duobus

325 2346 548 2393 pugionibus
573 2371 583 2388 ‚
621 2346 753 2393 quibus
795 2346 974 2393 significa-

326 2409 390 2434 tur
413 2399 590 2434 vindicata
616 2401 712 2434 ferro
733 2400 892 2435 libertas.
911 2400 974 2434 Vi-

1014 749 1059 784 de
1085 751 1192 785 Vaill.
1220 752 1328 786 famil.
1353 753 1458 787 Rom.
1485 753 1526 787 P.
1555 761 1590 787 et
1613 754 1656 787 A.

1061 803 1116 837 83.
1132 808 1187 837 An
1204 807 1376 849 quisquam
1395 816 1442 839 est
1455 808 1539 840 alius
1551 807 1660 851 libem]

1014 855 1082 890 Hic
1097 881 1107 898 ‚
1131 857 1275 892 Marcus
1300 859 1431 902 Dama,
1455 861 1514 894 vel
1541 861 1661 907 quivis

1014 909 1104 944 alius
1121 912 1360 957 argumentari
1378 913 1486 948 audet
1505 922 1539 947 et
1554 914 1661 961 syllo-

1014 963 1128 1010 gismo
1140 964 1294 1010 probare
1307 977 1345 999 se
1356 965 1511 1000 liberum
1523 978 1609 1001 esse.
1624 967 1661 1000 Is

1015 1025 1136 1051 autem
1147 1026 1198 1051 est
1210 1017 1403 1064 syllogismi
1416 1018 1507 1053 ordo
1519 1032 1528 1052 ε
1541 1028 1662 1054 nonne

1015 1070 1082 1104 iste
1106 1070 1198 1104 liber
1221 1080 1294 1112 est,
1309 1071 1370 1105 cui
1397 1071 1531 1106 ducere
1554 1073 1663 1107 vitam

1011 1123 1096 1157 licet
1111 1147 1122 1165 ‚
1143 1132 1185 1158 ut
1203 1124 1350 1158 voluit?
1367 1125 1480 1171 Atqui
1498 1125 1602 1168 licet,
1620 1134 1665 1160 ut

1012 1177 1118 1218 volo,
1132 1177 1255 1211 vivere
1274 1190 1282 1210 :
1307 1190 1392 1225 ergo
1414 1190 1496 1212 sum
1515 1178 1666 1213 liberior

1018 1230 1144 1264 Bruto.
1165 1231 1195 1264 A

1066 1311 1124 1346 85.
1140 1314 1291 1345 Mendose
1305 1314 1448 1360 colligis]
1469 1313 1667 1361 Responsio

1018 1369 1148 1410 poetae.
1173 1365 1463 1412 Propositionem
1487 1366 1667 1413 admittit,

1020 1419 1097 1453 scil.
1113 1417 1362 1454 definitionem
1378 1420 1571 1463 libertatis,
1586 1433 1668 1468 quae

1019 1482 1067 1504 est
1089 1482 1231 1516 potestas
1257 1475 1391 1506 ‘vivendi
1418 1484 1455 1507 ut
1479 1476 1563 1508 velis
1578 1500 1589 1515 ‚
1618 1474 1669 1509 ait

1021 1525 1097 1559 Cic.
1125 1525 1297 1559 Paradox.
1326 1527 1374 1566 V,
1398 1526 1485 1560 item
1511 1526 1609 1560 offic.
1634 1526 1666 1560 Ῑ.

1020 1571 1186 1625 Ϊῑλεὺθερός
1210 1581 1274 1618 ἐςιν
1304 1581 1319 1613 ὁ
1346 1581 1406 1618 ζῶν
1426 1582 1466 1619 ὡς
1489 1581 1667 1622 βούλεται,

1020 1629 1139 1676 Epict.
1155 1629 1253 1676 apud
1266 1630 1405 1675 Arriam
1417 1630 1478 1664 lib.
1495 1632 1534 1665 11
1549 1640 1584 1665 et
1597 1632 1668 1673 IV,

1021 1696 1100 1730 cap.
1119 1696 1134 1718 1
1148 1697 1159 1727 ;
1172 1682 1234 1718 sed
1247 1687 1510 1728 assumptionem,
1523 1697 1587 1720 seu
1598 1685 1670 1719 col-

1021 1737 1214 1772 lectionem
1225 1739 1362 1785 rejicit,
1376 1738 1452 1773 scil.
1465 1739 1565 1786 atqui
1578 1741 1668 1779 licet,

1024 1801 1062 1823 ut
1077 1794 1157 1824 volo
1166 1817 1177 1831 ,
1192 1794 1311 1825 vivere.
1329 1793 1372 1826 In
1392 1793 1597 1840 syllogismo
1617 1805 1670 1826 as-

1025 1845 1185 1891 sumptio
1200 1846 1362 1890 (minor)
1376 1855 1428 1880 est
1441 1858 1479 1880 ea
1493 1858 1576 1892 pars
1590 1859 1687 1893 quae-

1024 1897 1311 1944 propositionem
1339 1899 1538 1944 generalem
1570 1901 1584 1942 (
1597 1911 1672 1932 ma-

1021 1951 1163 1996 jorem)
1182 1951 1295 1985 cuivis
1313 1951 1474 1998 subjecto
1487 1952 1673 1998 propriam

1024 2002 1203 2049 applicat:
1219 2015 1257 2037 ea
1278 2015 1423 2050 quoque
1439 2015 1520 2050 pars
1538 2003 1673 2038 dicitur

1025 2059 1169 2089 collectio
1182 2070 1197 2095 ;
1220 2056 1318 2091 unde
1338 2057 1419 2100 hic,
1436 2059 1584 2091 mendose
1605 2059 1672 2091 col·
1698 2069 1703 2075 ·

1026 2111 1107 2153 ligis.
1125 2110 1170 2143 A.

1075 2187 1134 2220 86.
1153 2189 1276 2220 Aurem
1295 2189 1443 2220 mordaci
1458 2189 1539 2220 lotus
1553 2190 1670 2232 acela]

1027 2240 1111 2273 Acri
1130 2239 1269 2286 judicio
1297 2241 1403 2274 simul
1427 2248 1464 2274 et
1487 2239 1672 2275 dialectica

1027 2292 1149 2326 subtili
1159 2293 1573 2327 instructus—Aurem...
1581 2295 1674 2325 lotus.

1027 2346 1078 2379 Ut
1088 2358 1209 2392 supra,
1216 2355 1376 2390 purgatas
1390 2349 1670 2379 aurea—Aeeta.

1027 2400 1098 2434 Pro
1118 2400 1310 2435 acrimonia
1324 2398 1468 2447 judicii.

328 2518 428 2548 quam
445 2507 621 2538 lectionem
639 2514 836 2550 receperunt
852 2509 986 2539 Prateus
997 2530 1006 2546 ,
1027 2505 1203 2546 Lamnus,
1224 2507 1361 2538 Famab.
1377 2507 1651 2540 Wedderburnus
1662 2532 1671 2547 ,

328 2560 575 2603 Tornorupaeus
585 2582 594 2598 ‚
609 2557 673 2592 et'c.
689 2571 761 2591 non
775 2560 859 2592 male
871 2571 1005 2603 quoque
1015 2583 1025 2599 ‚
1039 2561 1097 2592 sed
1109 2561 1179 2592 sine
1192 2560 1398 2592 auctoritate.

374 2630 416 2658 V.
437 2631 490 2665 84.
508 2633 593 2662 Sum.
612 2631 756 2663 Restitui
771 2642 811 2663 ex
826 2631 981 2663 omnibus
994 2631 1090 2663 codd.
1104 2633 1178 2664 Vct.
1191 2630 1294 2664 schol.
1309 2638 1341 2663 et
1359 2638 1434 2674 post
1450 2630 1544 2663 hunc
1562 2640 1675 2664 recen-

332 2681 434 2713 tiores
445 2705 453 2720 ,
469 2683 535 2714 sim.
