1846 3184
0 0 349 143 r*

0 147 9 169 ᾗ

0 172 55 327 5

0 383 14 439 ἱ

669 342 932 386 SATIRA
974 344 1042 385 11.
1480 350 1536 405 59

263 426 530 484 Vestalesque
549 439 698 479 mnas,
713 436 757 468 et
771 427 960 468 Tuscum
977 425 1108 468 fictile
1127 437 1279 468 mutat.
1485 437 1531 469 60

264 504 304 545 Ο
321 517 459 545 curvae
480 502 525 542 in
546 501 668 543 terris
688 501 860 554 animae,
880 511 924 543 et
943 500 1177 543 coelestium
1193 501 1365 543 inanes!
1413 521 1425 531 =

265 577 384 632 Quid
393 578 511 633 juvat
524 576 603 618 hos
617 576 785 634 templis
805 586 971 618 nostros
988 576 1220 619 immittere
1236 592 1399 631 mores,

265 653 322 695 Et
339 653 453 695 bona
475 650 550 693 Dis
572 667 624 694 ex
646 653 726 694 hac
746 653 947 695 scelerata
967 652 1124 695 ducere
1145 646 1311 711 pulpa?

265 729 367 771 Haec
386 728 468 770 sibi
487 721 695 787 'corrupto
717 729 870 771 casiam
894 729 1085 771 dissolvit
1104 729 1245 772 olivo:

251 863 311 895 6⁰.
342 863 544 904 Vestalesque
574 861 706 906 mnas]
737 860 846 894 Urnis

206 924 335 960 aquam
360 911 406 946 ad
430 921 526 946 sacra
551 913 733 959 gestabant
755 912 845 946 Ves-

205 966 290 999 tales
301 989 312 1005 ,
329 964 428 1012 quod
459 973 588 998 notum
620 977 665 998 ex
697 965 846 998 historia

205 1017 287 1051 filiae
295 1017 458 1063 Tarpeii,
468 1029 549 1062 quae
558 1028 673 1050 arcem
682 1016 845 1063 prodidit

206 1069 360 1103 Sabinis.
370 1072 467 1100 ——Ee
479 1071 729 1114 Tuscumfictile.
742 1069 849 1103 Ficti-

206 1122 302 1157 libus
313 1122 410 1156 enim
418 1121 548 1155 Tuscia
560 1122 690 1155 nobilis
699 1123 767 1156 suit
777 1135 786 1156 ε
797 1123 848 1156 ibi

207 1175 304 1208 enim
313 1174 456 1220 plastice
464 1175 708 1216 exercebatur,
715 1184 751 1210 et
760 1175 852 1222 opti-

207 1239 263 1261 ma
275 1227 398 1262 fictilia
415 1226 675 1262 condebantur.
692 1228 852 1262 Primum

192 1308 195 1309 γ
208 1287 302 1313 certe
310 1279 415 1313 rudia
431 1288 468 1313 et
483 1281 571 1314 artis
581 1281 738 1327 expertia
753 1281 853 1314 fuere

207 1332 267 1365 illa
285 1344 383 1373 vasa,
401 1331 447 1366 de
467 1333 598 1379 quibus
617 1333 687 1366 hoc
704 1333 784 1367 loco
798 1333 852 1367 lo-

208 1383 347 1428 quitur,
357 1382 488 1416 deinde
503 1383 680 1429 perpolita
689 1382 852 1430 adeoque

207 1435 376 1482 elegantia
387 1460 399 1477 ‚
417 1444 453 1470 et
470 1448 579 1482 opere
599 1444 635 1469 et
655 1436 789 1478 forma,
808 1445 851 1471 ut

208 1499 321 1528 nunc,
337 1487 435 1534 apud
445 1500 510 1522 nos
519 1513 531 1529 ,
544 1489 764 1535 antiquariis,
776 1489 850 1535 pic-

208 1539 348 1574 torilms
367 1552 409 1574 ac
435 1540 678 1587 sculptoribus
699 1541 850 1587 gratissi-

209 1592 590 1638 maeteanisitissima
598 1592 800 1627 videantur.
806 1595 847 1627 A.

253 1645 314 1678 61.
328 1645 503 1677 omme
490 1657 523 1677 m
541 1646 849 1705 mis,etc..']l31-

208 1695 370 1730 clamatio
387 1695 547 1731 divinam
564 1697 701 1743 spirans
712 1698 849 1744 sapien·

208 1750 293 1783 tiam
304 1773 316 1791 ,
331 1761 440 1796 quam
462 1762 545 1783 eum
563 1749 849 1810 praecedentibus

205 1802 309 1848 jungi
319 1802 398 1838 vult
413 1802 668 1844 Casaubonus,
682 1803 730 1836 ita
747 1811 788 1836 ut
803 1803 849 1837 sit

208 1860 411 1907 ἐτιφῶνπμα.
424 1861 496 1894 Alii
508 1873 596 1895 vero
614 1862 849 1907 sequentibus

211 1923 229 1943 ιι
258 1918 348 1945 tant.

231 1923 518 2008 P62.de1uvae
527 1964 584 1996 lios
597 1966 718 2008 templis
729 1975 851 1998 nostros

211 2016 377 2048 immittere
404 2029 519 2051 mores.
531 2017 544 2062 ]
573 2017 851 2063 Epiphonemati

209 2067 356 2114 subjicit
379 2068 687 2115 increpationem;
712 2083 852 2117 semper

210 2125 331 2152 autem
343 2118 412 2152 sibi
424 2118 548 2153 similis
561 2128 684 2154 noster
694 2121 852 2168 philoso-

210 2170 306 2216 phus
320 2183 330 2203 ε
348 2184 458 2218 quem
474 2181 557 2207 ante
573 2172 761 2208 docuimus
773 2188 852 2209 om-

210 2222 270 2256 nia
292 2221 387 2257 dicta
406 2225 571 2271 factaque
591 2226 781 2261 hominum
803 2227 851 2261 ad

211 2273 320 2309 linem
339 2288 445 2310 suum
466 2277 619 2324 exigere.
637 2279 693 2313 Ita
713 2280 772 2314 luc
789 2280 851 2313 ob-

209 2327 447 2373 jurgationem
471 2342 570 2364 snam
598 2332 642 2365 ab
670 2345 712 2366 eo
734 2333 851 2379 capite

213 2378 384 2415 derivat·
414 2383 564 2417 stultum
593 2398 667 2419 esse
696 2387 850 2432 probans

215 2431 344 2466 frustra
361 2434 438 2468 Diis
451 2437 606 2481 pretiosa
626 2437 720 2471 dona
745 2439 854 2472 offer-

215 2495 286 2525 re,
310 2485 374 2531 qui
405 2486 541 2522 divitiis
572 2502 639 2523 nec
666 2491 854 2536 capiantur

216 2545 334 2582 neque
346 2546 504 2574 utamur.
518 2544 665 2587 Quidjuv
648 2549 723 2575 vat?
735 2542 774 2576 id
787 2552 854 2582 est,

218 2584 258 2620 i¹¹
267 2600 372 2634 quem
379 2590 564 2628 finemhoc
573 2596 736 2629 facimus.
729 2595 744 2618 ³
754 2596 853 2643 quod

898 862 1139 908 corruptelam
1163 874 1306 897 morum
1335 871 1542 899 nostrorum

899 912 1083 947 inferimus
1094 914 1133 947 in
1146 926 1203 948 res
1220 914 1421 961 religionis:
1437 928 1519 950 nam
1529 942 1541 958 ,

898 966 982 1011 quia
1006 966 1148 1000 luxuria
1171 975 1208 1001 et
1231 969 1375 1003 avaritia
1403 969 1541 1003 animos

898 1026 1040 1052 nostros
1063 1028 1262 1065 occupant,
1276 1019 1359 1054 ideo
1383 1021 1434 1055 sic
1460 1034 1542 1068 erga

899 1070 993 1103 Deos
1017 1083 1083 1105 nos
1105 1071 1283 1117 gerimus,
1305 1074 1406 1120 quasi
1431 1082 1466 1107 et
1489 1074 1542 1107 illi

900 1131 1015 1157 essent
1023 1124 1199 1158 luxuriosi
1211 1133 1247 1159 et
1258 1126 1365 1160 avari.
1375 1126 1544 1161 Praeclare

902 1175 1057 1210 Arbiter.
1078 1180 1147 1220 Ipse
1168 1187 1295 1210 senatus
1311 1180 1392 1211 recti
1406 1181 1546 1223 bonique

896 1239 1098 1272 proeceptor,
1113 1232 1201 1263 mille
1214 1233 1327 1274 pondo
1349 1234 1426 1264 auri
1450 1234 1545 1276 Capi-

903 1284 979 1314 tolio
987 1285 1176 1325 promittere
1189 1287 1289 1316 solet:
1303 1294 1339 1317 ee
1350 1297 1392 1318 ne
1404 1287 1477 1328 quis
1488 1288 1547 1318 du-

904 1335 983 1366 bitet
991 1336 1165 1377 pecum'am
1182 1338 1422 1380 concupiscere,
1438 1341 1547 1370 Iovem

903 1399 1034 1430 quoque
1044 1388 1187 1430 pecunia*
1199 1399 1328 1423 exorat.
1347 1389 1391 1423 C.

947 1438 1004 1472 63.
1022 1442 1067 1472 Ee
1085 1443 1170 1473 bona
1187 1440 1263 1482 Dat«,
1281 1443 1357 1488 eea]
1381 1443 1427 1476 Et
1445 1443 1546 1490 judi-

900 1503 980 1525 care
1003 1504 1044 1526 ω
1069 1493 1164 1527 hona
1188 1506 1262 1528 esse
1285 1495 1361 1528 Diis
1388 1505 1486 1542 grata
1510 1504 1546 1531 et

899 1553 1054 1591 accepta,
1067 1558 1147 1593 qua
1157 1547 1334 1582 sceleratae
1342 1548 1428 1582 huic
1433 1552 1546 1593 pulpae

898 1596 970 1630 sint
978 1605 1075 1643 grata
1084 1598 1272 1643 ?—Pulpa¹.
1283 1600 1396 1648 Pulpa
1406 1601 1444 1635 in
1453 1603 1548 1636 frue-

900 1649 996 1682 tihus
1013 1650 1208 1684 substantia
1225 1653 1343 1686 mollis
1352 1665 1392 1686 ac
1404 1662 1546 1695 tenera3

902 1713 982 1746 quae
995 1702 1091 1735 inter
1103 1703 1234 1748 pellem
1249 1712 1286 1738 et
1299 1705 1472 1739 nucleum
1488 1712 1546 1740 're-

901 1757 1058 1799 peritur,
1073 1767 1114 1789 ac
1127 1767 1220 1802 sape
1237 1757 1365 1803 saepins
1380 1770 1455 1791 non
1468 1758 1546 1793 sine

903 1806 1088 1853 voluptate
1127 1808 1246 1855 aliqua
1291 1809 1544 1845 manducatur.

901 1859 946 1892 In
972 1860 1235 1903 animantibus,
1257 1874 1339 1897 caro
1364 1863 1443 1898 sinc
1464 1865 1549 1898 ossi·

899 1912 967 1946 bus
981 1937 993 1954 ,
1014 1926 1034 1947 a
1057 1914 1265 1961 palpitando
1289 1915 1407 1958 dicta,
1430 1918 1548 1951 mollis

900 1965 1000 1998 enim
1025 1975 1079 2000 est
1104 1979 1145 2000 ac
1170 1968 1335 2002 tremula.
1360 1969 1452 2011 Hic,
1477 1983 1548 2017 pro

902 2029 1008 2052 carne
1020 2019 1197 2066 accipitur
1207 2044 1219 2062 ,
1238 2033 1319 2067 quae
1331 2021 1422 2055 luxu
1435 2035 1475 2056 ac
1488 2022 1547 2056 de-

901 2069 992 2118 liciis
1018 2071 1196 2118 profluit;
1220 2073 1260 2107 in
1288 2073 1416 2109 eodem
1440 2075 1546 2121 plane

901 2134 1028 2165 sensu,
1049 2136 1124 2170 quo
1149 2124 1187 2158 in
1212 2127 1318 2159 sacris
1341 2126 1443 2160 libris
1470 2141 1547 2160 cam

901 2176 990 2222 poni
1010 2177 1354 2212 solen—Scelerata,
1370 2179 1465 2220 Quia
1482 2191 1549 2225 per

901 2229 1032 2275 flagitia
1049 2239 1086 2264 et
1102 2231 1232 2265 scelera
1250 2231 1496 2277 gratificantur
1512 2231 1547 2264 ei

901 2283 1135 2329 voluptuarii.
1160 2284 1203 2318 C.
1219 2292 1255 2317 et
1270 2285 1313 2316 A.

948 2337 1007 2375 64.
1038 2339 1128 2369 Haec.
1144 2339 1157 2380 ]
1184 2336 1327 2369 Scilicet
1359 2347 1441 2369 caro
1468 2336 1545 2370 haec

902 2388 1037 2430 mollis,
1051 2389 1217 2422 mollities
1230 2389 1548 2421 nostra—Casium

904 2442 1041 2472 dissolvit
1055 2442 1148 2473 olivo.
1168 2440 1422 2474 Pretiosissima
1447 2449 1549 2475 erant

903 2500 1097 2538 unguenta,
1105 2504 1185 2538 quae
1193 2505 1238 2526 ex
1247 2493 1338 2527 casia
1344 2494 1425 2528 oleo
1437 2493 1549 2528 mixta

904 2544 1207 2578 conficiebantur:
1222 2545 1341 2579 oleum
1354 2554 1476 2581 autem
1489 2560 1548 2594 ap-

904 2597 1081 2631 tissimum
1106 2599 1342 2646 suscipiendis
1371 2599 1546 2635 odoribus

264 2703 306 2734 V.
324 2705 379 2737 6².
395 2708 468 2739 Hos.
489 2711 539 2742 Ita
551 2712 650 2745 codd.
670 2714 786 2755 optimi
801 2721 833 2745 et
848 2720 973 2747 noster.
988 2717 1065 2748 Vct.
1082 2715 1190 2749 schol.
1206 2725 1239 2749 et
1252 2718 1416 2759 editores,
1430 2719 1501 2751 hoc.
