1846 3184
223 349 308 376 200
367 332 428 375 IN
453 330 622 374 VETT.
648 329 955 381 COMMENT.
975 329 1445 374 EMENDATIONES.

220 415 457 463 paedagogum
477 412 620 461 pridem
642 412 769 455 obrui,
783 421 836 447 est
857 425 903 447 ex
923 412 1021 446 satir.
1045 413 1103 446 ΙΙΙ
1115 438 1125 455 ,
1138 426 1173 447 v.
1198 414 1252 457 96.
1269 413 1369 447 Adeo
1387 412 1571 460 plerisque

221 473 400 508 veteribus
418 471 654 506 similitudine
674 470 828 518 quadam
849 470 984 517 ingenii
1009 471 1149 505 Persius
1176 471 1214 504 in
1239 471 1376 505 deliciis
1395 471 1486 514 fuit,
1503 479 1545 505 ut
1560 496 1572 512 ‚

221 532 318 565 inter
336 532 513 579 majorum
536 529 698 576 gentium
723 529 934 575 scriptores,
953 541 1035 563 suos
1060 538 1359 564 commentatores
1384 529 1573 572 habuerit,

222 591 331 625 otiam
343 598 424 624 ante
438 598 600 635 tempora
614 585 828 634 Hieronymi
841 599 849 620 ε
865 586 928 634 qui
941 595 977 621 et
991 588 1068 635 ejus
1082 585 1200 621 verbis
1213 588 1424 634 frequenter
1437 587 1575 629 utitur,

223 650 245 683 J
248 648 435 683 uvenalem
449 658 496 681 ne
511 644 675 679 nominat
694 643 840 692 quidem
853 669 864 688 ‚
883 644 986 692 quod
1003 644 1228 680 meminerim
1242 659 1250 679 :
1267 644 1332 680 etsi
1350 646 1575 692 apologetico

223 706 270 741 ad
294 704 536 739 Domnionem
562 715 708 739 versum
735 703 840 737 illum
867 712 1043 750 usurpet:
1065 713 1097 736 et
1120 717 1177 737 nos
1196 717 1282 748 ,sa-pe
1306 717 1437 737 manum
1452 705 1578 748 fistulae

224 766 455 802 subduaeimus,
474 770 518 798 ut
536 769 571 795 et
590 761 748 795 Macrob.
764 761 829 795 lib.
849 762 928 803 ΙΙΙ,
947 761 1091 796 Saturn.
1113 773 1146 796 c,
1169 772 1221 795 ιο.
1240 761 1449 795 Adscribam
1466 762 1578 795 sancti

225 822 295 856 viri
307 821 415 856 verba
428 832 474 854 ex
486 819 649 866 apologia
667 818 835 855 adversus
850 818 1024 853 Rufinum
1036 843 1048 862 ‚
1065 817 1166 866 quod
1180 819 1255 853 aliis
1269 819 1376 853 etiam
1390 819 1478 853 locis
1494 820 1577 853 usui

227 892 300 914 esse
318 878 458 926 possint
470 902 480 920 ‚
500 885 536 911 et
555 877 601 911 ad
619 878 719 911 hunc
738 876 1009 923 quodammodo
1026 876 1246 923 pertineant.
1268 893 1282 908 ι
1295 877 1387 911 Puto
1401 902 1412 919 ‚
1430 877 1554 924 inquit
1568 902 1578 919 ‚

231 954 245 967 α
262 935 363 984 quod
377 948 470 983 puer
483 935 611 982 legeris
625 935 731 982 Aspri
745 935 782 968 in
797 934 993 982 Virgilium
1009 943 1044 969 et
1059 934 1270 970 Sallustium
1283 936 1558 969 commentarios
1568 960 1579 977 ‚

233 1014 245 1027 a
262 996 423 1030 Vulcatii
439 995 477 1028 in
497 995 677 1029 orationes
697 994 880 1029 Ciceronis
893 1020 903 1037 ‚
922 994 1104 1028 Victorini
1127 994 1166 1028 in
1189 993 1348 1041 dialogos
1370 995 1445 1041 ejus
1457 1020 1468 1038 ‚
1486 1001 1521 1028 et
1540 995 1579 1028 in

232 1072 247 1086 ι
263 1053 425 1088 Terentii
439 1053 629 1088 comoedias
644 1054 878 1100 praeceptoris
894 1053 965 1087 mei
979 1053 1131 1095 Donati,
1145 1065 1246 1100 aeque
1260 1049 1299 1086 in
1310 1052 1506 1099 Virgilium
1519 1078 1530 1095 ‚
1546 1061 1582 1087 et

234 1131 247 1144 «
264 1113 419 1147 aliorum
431 1112 470 1146 in
483 1112 571 1146 alios
585 1137 594 1154 ‚
610 1111 779 1146 Plautum
790 1138 800 1155 ‚
815 1112 1028 1147 Lucretium
1038 1136 1049 1153 ‚
1067 1111 1236 1146 Flaccum
1246 1135 1257 1153 ‚
1267 1110 1436 1146 Persium
1449 1135 1460 1153 ‚
1474 1118 1583 1158 atque

236 1190 250 1203 ιι
266 1173 470 1207 Lucanum.
496 1171 616 1217 Argue
645 1171 862 1218 interpretes
897 1183 1023 1205 eorum
1038 1196 1049 1214 ,
1075 1182 1186 1217 quare
1213 1181 1288 1203 non
1321 1181 1431 1203 unam
1462 1169 1584 1216 expla-

238 1248 251 1261 υ
268 1230 454 1264 nationem
479 1228 591 1263 secuti
619 1237 730 1271 sunt,
754 1237 790 1264 et
819 1228 858 1263 in
886 1227 1012 1264 eadem
1040 1240 1080 1264 re
1107 1226 1199 1275 quid
1223 1227 1282 1264 vel
1305 1227 1373 1262 sibi
1389 1251 1400 1270 ‚
1424 1226 1489 1263 vel'
1506 1227 1582 1266 aliis

238 1305 251 1319 κ
268 1288 454 1332 videatur,
474 1296 702 1324 enumerent.
719 1304 734 1320 »
