1846 3184
331 286 438 331 268·
601 287 650 330 C.
683 287 946 332 LUCILII
979 289 1401 335 FRAGMENTA

910 374 948 410 X
961 375 1000 412 X
1009 376 1043 411 V
1053 374 1086 411 1.

383 434 564 474 Scaberat
584 444 629 474 ut
649 450 792 487 porcus
811 438 985 476 contritis
1004 439 1140 476 arbore
1159 440 1290 477 costis.

898 506 939 541 X
951 504 989 540 X
998 506 1032 541 V
1040 506 1058 540 I
1071 506 1102 541 I.

382 565 482 603 Hinc
497 565 635 603 ancilia
647 594 658 612 ‚
675 566 725 603 ab
740 565 815 604 hoc
833 567 960 617 apices
971 595 982 613 ‚
999 568 1233 619 capidasque
1252 575 1433 620 repertas.

882 633 923 669 X
933 634 973 669 X
981 634 1042 668 VI
1054 634 1072 668 I
1084 634 1115 669 I.
1148 652 1157 662 ·

378 695 525 734 Praesul
543 703 590 732 ut
606 703 823 758 amptrugh
841 695 932 734 inde
949 704 988 734 et
1004 696 1136 748 volgu’
1151 697 1420 748 redamptruat
1435 697 1518 735 olli.

910 763 950 799 X
963 762 1001 798 X
1015 763 1034 797 I
1046 763 1096 798 X.

390 852 799 862 ................
822 827 910 876 Ipsa
929 826 961 862 si
978 837 1018 862 se
1037 826 1143 862 corio
1162 826 1292 863 omnia
1311 825 1405 865 lora.

929 891 969 926 X
979 891 1019 926 X
1030 891 1080 926 X.

380 955 435 992 Ut
451 954 642 1005 discrepat
659 954 731 992 hac
752 968 871 1006 quem
891 954 1022 1006 rapuit
1038 953 1183 1005 Apollo
1200 954 1266 992 fiat
1281 966 1387 1006 ergo.

845 1082 1160 1094 mmmm

533 1172 628 1217 Ex
673 1156 893 1217 Lumo
933 1174 979 1218 x
1019 1173 1459 1218 SATIRARUM.

380 1287 539 1322 Veteres
562 1284 698 1335 glossae
721 1284 762 1322 in
785 1284 863 1321 vita
892 1286 940 1321 A.
964 1284 1107 1321 Persii:
1131 1283 1207 1322 Sed
1237 1297 1331 1322 mox
1360 1292 1407 1321 ut
1428 1298 1451 1322 a
1481 1283 1612 1322 schola
1642 1295 1681 1323 et

326 1350 518 1401 magistris
549 1350 754 1387 diverterat
768 1379 779 1396 ‚
810 1350 911 1387 lecto
939 1349 1040 1387 libro
1068 1349 1209 1387 Lucilii
1235 1349 1411 1397 decimo,
1433 1349 1681 1389 vehementer

326 1416 459 1452 satiras
475 1428 709 1465 componere
728 1414 879 1451 studuit
893 1443 903 1460 ,
921 1412 1034 1465 ¹cujus
1045 1410 1143 1451 libri
1158 1414 1395 1464 principium
1412 1414 1584 1452 imitatus
1599 1424 1658 1453 est
1670 1445 1682 1463 ‚

327 1479 401 1516 sibi
427 1479 554 1529 primo
569 1508 580 1525 ‚
608 1491 701 1516 mox
732 1478 915 1516 omnibus
946 1477 1189 1524 detrectatis,
1214 1492 1305 1516 cum
1335 1487 1440 1516 tanm
1465 1480 1681 1518 recentium

316 1547 528 1595 poetarum
548 1551 587 1581 et
607 1551 806 1581 oratorum
826 1543 1077 1580 insectatione
1091 1570 1101 1588 ,
1122 1551 1168 1580 ut
1189 1543 1307 1581 etiam
1327 1546 1523 1583 Neronem
1544 1544 1682 1595 culpa-

326 1608 438 1646 verit.

978 1663 1011 1698 Ι.

1024 1754 1032 1762 .
1051 1754 1059 1762 .
1079 1727 1286 1764 Honorum
1304 1735 1363 1764 est

380 1792 581 1830 Judicium
601 1791 744 1830 Crassis
756 1821 766 1838 ‚
786 1799 833 1828 ut
853 1804 925 1829 nos
945 1791 1202 1829 describimus
1217 1799 1318 1829 ante.

381 1859 467 1894 Hoc
487 1866 564 1903 est,
586 1857 684 1908 quid
702 1869 853 1894 sumam
867 1885 877 1902 ‚
896 1855 993 1906 quid
1012 1868 1093 1893 non
1105 1883 1115 1902 ‚
1132 1856 1173 1893 in
1189 1868 1351 1906 quoque
1370 1854 1558 1895 locemus.

967 1923 986 1957 I
999 1923 1031 1958 I.

380 1989 507 2024 Pone:
529 1984 737 2035 paludatus
756 1986 879 2023 stabat
897 1985 1058 2022 rorariu’
1074 1983 1189 2022 velox

379 2111 433 2143 26.
450 2110 664 2142 PriscianJib.
685 2111 736 2147 X,
749 2111 864 2147 scabo,
882 2111 978 2141 scabi.

377 2175 432 2204 27.
444 2165 643 2201 Priscianus,
652 2163 712 2194 lib.
724 2164 786 2193 VI:
801 2163 911 2204 Cupis,
923 2175 979 2193 ca-

324 2218 410 2262 pidis
419 2241 430 2256 ‚
443 2218 533 2249 unde
547 2218 790 2248 'diminutivum
805 2215 976 2258 cupidum,

328 2272 412 2304 vasis
447 2282 550 2314 genus
584 2270 785 2314 pontificale.
811 2288 857 2293 —
882 2271 978 2301 More

328 2329 464 2363 Graeco,
481 2326 519 2356 iu
539 2336 575 2356 as
594 2324 735 2367 protulit
755 2323 978 2355 accusativum

326 2380 500 2423 pluralem.

377 2434 432 2464 28.
444 2435 576 2463 Festus:
588 2431 843 2475 Redamptruare
855 2429 978 2461 dieitur

326 2487 363 2518 in
389 2486 553 2517 Saliorum
577 2477 857 2516 exsultationibus
870 2506 879 2521 ,
901 2481 979 2514 cum

323 2539 447 2581 proesul
457 2538 671 2580 amptruavic,
683 2538 775 2580 quod
790 2545 855 2576 est,
868 2543 978 2568 motus

326 2592 430 2622 edidit
440 2615 449 2631 ,
464 2599 497 2623 et
512 2592 703 2623 referuntur
719 2591 864 2622 invicem
876 2589 978 2621 iidem

326 2653 444 2676 motus.

375 2708 428 2739 29.
449 2700 636 2740 Charisius,
649 2700 708 2733 lib.
727 2702 764 2732 1:
776 2700 882 2738 Lora,
900 2709 978 2731 cor-

1031 2108 1123 2152 repta
1132 2108 1240 2151 prima
1252 2107 1377 2151 syllaba
1384 2132 1394 2148 ‚
1408 2116 1441 2141 et
1451 2108 1615 2142 feminino
1623 2120 1680 2152 ge·-

1032 2173 1110 2193 nere
1129 2163 1268 2194 dicenda
1287 2170 1356 2201 est;
1372 2163 1536 2205 producti
1550 2170 1658 2194 autem
1669 2185 1680 2201 ,

1031 2216 1226 2247 neutraliter
1238 2228 1255 2247 e
1268 2217 1360 2247 corio
1372 2217 1516 2255 vincula,
1528 2223 1607 2247 utet
1615 2218 1681 2247 Lu-

1031 2270 1127 2301 cilius
1145 2271 1182 2300 in
1201 2272 1262 2301 IX.
1287 2293 1295 2300 .
1311 2293 1319 2301 .
1334 2293 1342 2300 .
1357 2294 1366 2301 .
1385 2272 1459 2311 Ipsa
1476 2270 1505 2300 si
1518 2281 1571 2306 se,
1588 2277 1647 2300 ecc.

1080 2324 1136 2354 3ο.
1161 2324 1372 2365 Porphyrion
1386 2346 1395 2361 ‚
1419 2323 1478 2354 lib.
1504 2325 1541 2361 1,
1564 2330 1622 2354 sat.
1648 2333 1679 2364 9.

1081 2388 1112 2408 1.
1131 2377 1283 2407 Nonius:
1302 2378 1450 2413 Sumere,
1469 2376 1597 2418 eligere.

1080 2441 1111 2462 2.
1136 2430 1268 2462 Nonius
1287 2442 1295 2461 τ
1321 2429 1454 2460 Rorarii
1469 2429 1681 2472 appellantur

1030 2485 1151 2516 milites
1168 2507 1177 2524 ‚
1203 2484 1263 2527 qui
1292 2483 1470 2525 anteqm‘un
1497 2494 1680 2526 congressae

1032 2544 1136 2570 essent
1154 2538 1238 2568 acies
1249 2561 1258 2576 ,
1275 2536 1384 2578 primo
1409 2547 1479 2567 non
1500 2536 1612 2567 multis
1628 2535 1678 2577 ja-

1031 2588 1252 2620 culisiuibaut
1259 2587 1411 2630 praelium
1420 2599 1428 2618 2
1439 2594 1579 2618 tractum
1588 2585 1680 2628 quod

1031 2650 1107 2674 ante
1121 2642 1277 2676 maximas
1289 2652 1418 2686 pugnas
1432 2641 1553 2674 coelum
1565 2649 1677 2672 rorare

1030 2696 1181 2740 incipiat.

1835 2957 1846 2977 ψ
1831 2854 1846 2950 ·‘l.·0-..·2.-.=
1837 2783 1846 2847 ans..
1836 2763 1844 2774 c
1835 2632 1846 2758 *mauu-214-
1843 2619 1846 2621 .
1840 2581 1846 2607 ..μ
1838 2538 1846 2570 ψ.
