1846 3184
0 1381 18 1436 <''.'’'2
4 1348 14 1354 .·-
4 1335 14 1342 .·
9 1310 14 1317 .

295 605 348 640 γει
365 595 424 630 τῆν
446 591 557 637 ὄρεξιν.
573 589 616 624 C.
625 589 767 622 -Ῑθεαζ
781 587 850 622 Per
862 599 948 633 pro-

297 641 855 691 sopopoeiamrespondetavarus.
863 641 945 674 Non

297 697 415 731 solum
440 695 652 743 duplicavi,
676 697 737 729 sed
763 706 840 729 rem
864 693 947 728 auxi

298 758 355 784 ter
365 774 376 790 ‚
391 757 519 796 quater
530 773 540 790 ,
556 747 688 782 decies.

343 823 405 857 79.
422 814 497 844 Iam
517 811 621 843 decies
643 810 728 841 redit
751 810 785 841 in
806 809 946 852 rugam.]

296 860 508 910 Metaphora
518 861 627 896 ducta'
641 874 660 895 a
671 861 831 895 vestibus
841 885 851 901 ‚
867 873 946 907 quae

295 923 535 961 corrugantur
542 912 690 959 proprie
699 920 735 946 et
745 912 925 959 plicantur
935 924 944 944 ε

296 966 394 1002 unde
414 967 452 1000 in
475 964 749 1011 similitudinem
772 964 947 1010 multipli-

296 1020 375 1054 cari‘
386 1032 471 1066 opes
496 1018 672 1053 dicuntur
696 1018 786 1052 dum
806 1016 947 1051 nummi

296 1073 454 1106 nummis
472 1071 747 1106 accumulantur
765 1078 801 1104 et
817 1082 948 1104 accres-

299 1134 402 1159 cunt.
427 1125 690 1168 P.-—Depingv.
715 1122 760 1157 Id
788 1132 862 1165 est,
880 1130 947 1156 sta·

298 1186 360 1212 tue
381 1203 393 1219 ,
418 1177 612 1224 perscribe.
642 1177 712 1211 Alii
739 1177 865 1223 legunt
887 1178 945 1208 de·

292 1244 423 1276 punge,
442 1239 484 1264 ut
511 1231 557 1264 sit
585 1229 792 1276 metaphora
815 1242 832 1262 a
855 1228 946 1262 libra

296 1285 333 1318 in
353 1297 424 1331 qua
442 1292 583 1318 certum
601 1282 746 1330 pondus
763 1281 946 1316 indicatur

295 1346 333 1371 et
356 1345 502 1370 notatur
526 1336 685 1383 punctis.
713 1335 794 1377 Sic,
813 1344 875 1369 sat.
892 1335 942 1377 V,

295 1403 332 1424 V·
351 1401 417 1423 100
428 1415 439 1432 9
455 1399 542 1422 certo
554 1401 750 1432 compescere
758 1397 891 1432 punceoo
903 1387 942 1420 B·

342 1454 399 1487 80.
410 1456 576 1492 Inventus,
593 1453 780 1494 Chrysippe,
795 1453 858 1490 eui,
871 1453 944 1495 eta]

295 1501 464 1541 Ᾰδὺνατον
479 1532 490 1549 ,
515 1515 558 1540 ut
577 1506 657 1540 vult
683 1505 917 1539 casaubonus
931 1529 942 1546 ,

296 1558 333 1592 id
362 1567 414 1592 est
436 1583 446 1599 ‚
470 1560 492 1592 ὀ
521 1557 722 1606 Chrysippe
747 1582 758 1598 ‚
784 1557 812 1590 si
841 1565 945 1603 potes

294 1612 540 1657 praescribere,
555 1623 625 1657 qua
642 1611 678 1644 in
694 1610 944 1656 propositione

294 1664 413 1697 soritis
440 1662 702 1710 quiescendum
734 1662 779 1696 sit
803 1661 944 1708 potissi-

295 1728 415 1760 mum;
436 1718 487 1757 si,
502 1715 653 1762 inquam
666 1740 676 1755 ‚
689 1713 727 1747 id
741 1714 943 1755 inveneris,

295 1775 332 1800 et
350 1767 460 1801 finem
479 1771 619 1801 certum
643 1766 792 1800 infinitae
811 1778 946 1811 propo-

294 1821 466 1854 sitionum
477 1820 657 1866 congeriei
669 1819 832 1854 statueris
841 1844 852 1860 ‚
866 1827 945 1853 tum

296 1885 362 1919 ego
386 1885 473 1906 meae
501 1872 695 1919 cupiditati
725 1881 762 1906 et
792 1872 946 1906 avaritiae

297 1925 494 1959 terminum
506 1925 706 1966 inveniam3
719 1923 757 1957 id
769 1933 842 1966 est,
853 1937 947 1958 nun-

298 1991 418 2025 quam.
438 1999 486 2004 —
506 1980 687 2023 Chrysippe.
715 1977 783 2012 Hic
811 1978 945 2013 stoicus

296 2031 367 2065 suit
390 2031 629 2078 philosophus
642 2056 653 2072 ‚
675 2031 849 2074 Zenonis,
867 2032 943 2075 vel,

297 2094 339 2119 ut
354 2084 485 2119 volunt
498 2085 558 2118 alii
567 2109 577 2125 ,
591 2084 772 2119 Cleanthis
787 2085 945 2131 discipu-

296 2138 353 2172 lus
365 2162 377 2180 ,
390 2138 446 2172 vir
464 2138 538 2172 acri
560 2138 707 2184 ingenio
728 2151 737 2171 :
756 2137 793 2171 in
815 2137 945 2172 dialec-

297 2192 368 2226 tica
402 2191 571 2226 excelluit
595 2204 605 2225 z
639 2192 781 2238 quoties
819 2200 946 2226 contra

296 2244 506 2279 Cleanthem
519 2244 737 2292 disputArat‚
753 2245 879 2279 solitus
894 2245 946 2279 di-

295 2310 376 2332 cere
384 2322 396 2340 ,
409 2297 632 2332 fortunatum
645 2311 681 2332 se
693 2298 861 2332 adversus
873 2311 947 2332 om·

296 2363 373 2391 nes,
386 2358 627 2397 praeterquam
639 2350 811 2385 adversus
824 2351 948 2385 Clean-

298 2403 396 2436 them
415 2417 423 2436 :
451 2402 540 2437 adeo
565 2415 651 2438 vero
681 2405 861 2450 superbus
874 2430 884 2446 ‚
904 2413 946 2438 ut

591 342 595 344 -
772 281 1044 326 ΥΕΑΤῙΒΑ
1084 281 1166 323 VI.
1567 281 1678 324 183⁷

357 370 379 411 J
383 385 452 412 am
473 367 616 411 decies
637 365 751 409 redit
773 365 820 407 in
845 379 1009 424 rugam.
1035 363 1231 422 Depinge
1254 362 1332 404 ubi
1353 361 1496 405 sistam
1511 395 1524 416 ‚

357 448 560 489 Inventus
574 475 587 498 ,
610 440 849 501 Chrysippe
862 474 876 495 ,
897 442 964 484 tui
986 440 1135 484 finitor
1157 439 1309 482 acervi.
1583 446 1648 480 ‘80

1000 585 1182 620 Ptolemaei
1201 584 1293 632 regis
1317 583 1510 619 amicitiam
1532 596 1651 631 asper-

1000 648 1104 674 natus
1118 640 1162 674 sit
1173 665 1184 682 ,
1197 648 1233 673 et
1243 639 1427 685 jactaverit
1445 638 1493 672 de
1511 651 1567 672 se:
1583 652 1647 671 non

1000 703 1080 727 esset
1103 695 1248 726 Porticus
1262 719 1273 732 ,
1305 694 1369 726 nisi
1397 702 1475 725 esset
1501 693 1650 735 Chrysip·

993 759 1070 790 pus.
1107 746 1163 780 Ex
1196 747 1312 780 effuso
1348 746 1421 779 risu
1460 753 1649 779 mortuum

1000 799 1167 832 nonnulli
1198 798 1359 833 tradunt.
1394 798 1497 845 Diog.
1528 799 1645 832 Laert.

998 851 1062 884 lib.
1076 852 1149 884 VH
1162 877 1172 894 ‚
1188 851 1264 885 Cic.
1284 852 1302 884 1
1313 877 1324 893 ,
1340 850 1386 884 de
1403 851 1541 884 Natura
1556 850 1650 883 Deo·

1000 900 1279 938 rum.—Aceiw'.
1299 904 1442 938 Soriten
1459 903 1646 949 intelligit:

1001 970 1081 1004 quae
1090 958 1349 1004 argumentatio
1358 966 1409 991 est
1421 969 1577 996 acervus,
1585 969 1648 990 seu

1000 1011 1169 1044 cumulus
1194 1011 1484 1057 propositionum
1503 1022 1582 1057 quae
1610 1009 1648 1043 in

999 1064 1187 1098 infinitum
1205 1063 1377 1111 progredi
1401 1076 1504 1110 posse
1526 1062 1650 1097 viden-

1000 1125 1062 1151 tur
1075 1130 1084 1150 :
1100 1116 1199 1151 unde
1210 1129 1278 1163 per
1295 1116 1449 1150 ironiam
1461 1115 1553 1149 dixit
1566 1115 1650 1150 Per-

1001 1170 1074 1203 sius
1085 1171 1206 1216 finitor
1218 1183 1232 1207 ;
1258 1177 1294 1202 et
1320 1167 1422 1202 addit
1436 1193 1447 1210 ,
1470 1170 1535 1207 tui,
1563 1169 1648 1215 quia

999 1221 1233 1256 dissolvenda:
1246 1222 1350 1255 istius
1362 1221 1529 1256 acervalis
1542 1233 1649 1267 argu·

997 1276 1227 1309 mentationis
1234 1275 1411 1309 rationem
1420 1274 1650 1321 investigavit

998 1328 1222 1376 Chrysippus
1234 1353 1244 1370 ‚
1261 1336 1297 1362 et
1316 1327 1361 1361 de
1379 1339 1419 1361 ea
1435 1335 1591 1374 quatuor
1609 1327 1651 1360 li·

995 1383 1080 1416 bros
1100 1381 1279 1428 scripsisse
1304 1382 1432 1415 fertur.
1453 1380 1646 1423 Horatius,

996 1435 1063 1469 lib.
1078 1435 1123 1470 ,11
1136 1460 1147 1477 ,
1163 1435 1269 1481 epist.
1284 1435 1303 1468 Ι
1315 1447 1325 1467 :

1038 1502 1121 1530 Dum
1148 1500 1236 1529 cadat
1260 1500 1362 1529 elusus
1387 1499 1507 1529 ratione
1530 1499 1649 1529 ruentis

1078 1558 1191 1577 acervi.

997 1611 1213 1657 Exemplum
1227 1610 1345 1644 soritis
1365 1619 1417 1644 est
1438 1609 1536 1657 apud
1549 1609 1650 1644 Cice-

997 1677 1123 1698 ronem
1132 1690 1143 1705 ,
1156 1664 1305 1697 Tuscul.
1321 1664 1459 1706 Quaest.
1470 1664 1518 1706 V,
1533 1677 1568 1702 n‚
1580 1666 1626 1705 45
1635 1689 1648 1706 ,

998 1717 1062 1749 ubi
1075 1716 1193 1749 solum
1208 1715 1402 1750 honestum
1421 1728 1496 1750 esse
1507 1716 1648 1750 bonum

997 1769 1046 1802 sic
1057 1769 1234 1815 probatur
1243 1781 1310 1815 per
1319 1768 1484 1815 quinque
1492 1767 1623 1815 gradus
1635 1781 1645 1801 τ

994 1824 1167 1870 'Quicquid
1177 1831 1226 1855 est
1235 1824 1327 1865 quod
1336 1824 1455 1855 bonum
1468 1824 1511 1854 sit
1517 1847 1528 1861 ,
1546 1824 1582 1854 id
1591 1835 1651 1855 ex-

991 1877 1171 1919 petendum
1183 1884 1249 1908 est:
1267 1877 1360 1918 quod
1371 1884 1480 1908 autem
1492 1885 1648 1919 expeten-

997 1930 1096 1968 dum,
1113 1930 1151 1960 id
1162 1937 1249 1961 certe
1267 1930 1540 1971 approbandum:
1559 1930 1651 1971 quod

998 1994 1081 2014 vero
1102 1982 1313 2024 approbaris,
1329 1975 1366 2013 ἷιὶ
1378 1990 1512 2024 gratum
1533 1994 1650 2024 accep-

997 2043 1131 2077 tumque
1152 2035 1363 2071 habendum:
1381 2047 1459 2078 ergo
1481 2035 1578 2066 etiam
1598 2035 1650 2065 di-

983 2089 1102 2133 gnitas
1120 2089 1152 2120 ei
1167 2089 1339 2120 tribuenda
1362 2097 1431 2120 est:
1451 2089 1542 2130 quod
1555 2088 1584 2118 si
1601 2088 1649 2118 ita

997 2151 1045 2174 est
1051 2166 1062 2180 ,
1079 2143 1244 2174 laudabile
1257 2143 1299 2172 sic
1315 2153 1438 2172 necesse
1451 2149 1498 2172 esc
1506 2153 1517 2171 :
1531 2142 1649 2171 bonum

998 2196 1098 2239 igitur
1116 2206 1208 2227 omne
1226 2195 1401 2226 laudabile.
1420 2195 1472 2224 Ex
1493 2205 1558 2235 quo
1577 2192 1650 2238 ff*

999 2249 1102 2285 citur,
1124 2257 1162 2278 ut
1181 2248 1272 2289 quod
1289 2248 1331 2277 sit
1349 2246 1515 2276 honestum
1528 2270 1537 2282 ,
1556 2246 1593 2277 id
1609 2246 1652 2277 sit

998 2290 1099 2332 solari:
1128 2302 1258 2331 bonum.
1286 2298 1333 2331 Et
1361 2297 1379 2329 I
1399 2321 1410 2337 ‚
1438 2295 1484 2330 de
1511 2297 1648 2331 Natura

1001 2353 1185 2385 Deorum:
1206 2353 1240 2382 Si
1259 2352 1316 2382 Dii
1337 2359 1431 2387 sunt,
1452 2351 1539 2382 beati
1553 2360 1649 2388 ,ςιιηη

999 2407 1028 2437 .ςί
1040 2406 1144 2442 beati,
1158 2405 1282 2436 virtute
1287 2404 1426 2446 praediti
1435 2415 1446 2434 .·
1459 2403 1487 2435 si
1498 2405 1648 2442 virtutis,

351 2539 393 2567 V.
411 2547 468 2580 79.
491 2539 648 2581 Depinge.
664 2541 740 2569 Vet.
757 2539 863 2570 schol.
884 2538 993 2570 Codd.
1013 2538 1168 2569 Mazariu.
1187 2538 1343 2569 Fauchet.
1361 2545 1394 2569 et
1413 2538 1483 2570 duo
1502 2538 1577 2577 alii,
1595 2539 1652 2570 de-

297 2600 425 2632 punge:
444 2602 514 2622 non
531 2593 615 2623 male
633 2600 740 2633 certe,
758 2599 790 2624 et
818 2592 902 2624 forte
928 2592 1120 2634 elegantius.
1151 2590 1281 2624 Pithoei
1305 2594 1342 2631 1,
1361 2591 1420 2624 sed
1437 2592 1550 2625 scribe.
1573 2595 1650 2625 Haec

305 2643 404 2675 lectio
421 2645 559 2700 glossam
577 2646 710 2678 redolet.
