1846 3184
219 228 229 247 Ι

222 322 301 365 182

569 323 620 364 A.
654 319 1201 383 PERsurLACCI

226 440 228 445 ,
277 406 418 447 Omne
434 404 544 446 latus
561 403 739 458 mundi;
759 404 912 447 neesit
933 405 1202 463 praestantior
1221 404 1327 446 alter

275 480 548 540 Cappadocas
565 480 706 538 rigida
729 481 912 539 pingues
936 481 1102 540 pavisse
1126 482 1296 523 catasta.

274 557 384 599 Rem
408 555 591 615 duplica.
614 556 744 598 Feci:
767 557 856 613 jam
878 557 1035 615 triplex
1049 589 1062 610 ,
1080 558 1168 614 jam
1191 557 1300 598 mihi
1319 567 1473 614 quarto
1489 589 1501 611 ,

216 709 326 732 novas
337 705 372 731 et
382 695 459 730 aliis
468 696 658 741 irrepertas
670 707 866 742 compares,

218 761 253 786 ct
267 753 339 786 huc
355 750 522 796 advehasr.
539 750 579 783 C.
594 758 628 784 et
641 749 680 782 P.

265 813 320 856 76.
331 812 398 842 Nec
405 810 659 852 sitpraestam·ior
666 810 773 853 altera]
780 808 868 842 Nul-

216 862 274 898 lus
288 872 364 898 esto
381 872 454 897 tam
472 863 589 908 turpis
604 871 764 908 quaestus
775 887 785 904 ‚
803 862 868 908 qui

217 918 284 951 tibi
310 916 464 951 sordeat.
495 916 734 962 Mangonium
759 916 872 962 igitur

219 983 361 1013 exerce3
376 978 410 1004 et
427 969 549 1012 effice,
563 982 609 1003 ne
623 969 704 1015 quis
715 969 872 1015 paratior

217 1023 263 1057 sit
277 1022 322 1057 ad
336 1021 532 1056 coemenda
549 1021 740 1068 mancipia.
761 1021 800 1055 C.

266 1094 325 1128 77.
362 1083 572 1125 Cappadocas
604 1082 712 1124 rigida
733 1081 868 1125 pingues

210 1136 337 1180 pavisse
355 1133 504 1179 catasta]
529 1136 569 1165 Ut
581 1145 646 1164 non
659 1134 868 1175 sicpraescan-

218 1190 281 1221 tior
294 1190 380 1220 alter
389 1188 524 1231 pavisse.
544 1178 809 1218 Hellenismus‘:
828 1193 870 1219 ut

217 1241 308 1274 alter
326 1252 401 1273 non
422 1239 467 1273 sit
484 1238 711 1285 praestantior
730 1238 766 1271 in
786 1250 868 1285 pas-

218 1293 332 1329 cendo
351 1319 362 1335 ‚
388 1306 452 1327 seu
478 1291 665 1339 pascendis
692 1292 870 1326 servis.—

219 1349 442 1392 Cappadocas.
463 1348 547 1380 Vet.
573 1345 684 1379 schol.
713 1345 870 1392 explicat

217 1401 264 1435 de
279 1399 536 1447 gladiatoribus
550 1412 557 1432 :
575 1399 637 1433 sed
654 1399 723 1433 viri
740 1399 872 1434 doctis-

218 1454 299 1488 simi
321 1454 531 1500 intelligunt
554 1465 673 1487 servos
693 1465 712 1486 e
734 1452 873 1499 Cappa-

220 1508 323 1542 docia
333 1507 540 1542 venalitios:
555 1519 595 1540 ex
606 1506 672 1539 hac
684 1505 781 1539 enim
792 1518 874 1552 pro·

218 1560 338 1595 vincia
355 1559 593 1607 pulcherrimi
607 1584 616 1599 ‚
632 1559 871 1592 robustissimi

219 1622 255 1648 et
278 1613 429 1660 pingues
452 1611 871 1646 adducebantur.—Pa-

219 1670 303 1701 visse.
321 1666 392 1700 Alii
409 1666 536 1713 legunt
553 1667 702 1698 clausisse
715 1678 727 1698 :
743 1674 778 1699 at
795 1666 871 1699 haec

218 1722 328 1755 lectio
347 1720 499 1767 glossam
520 1718 669 1753 redolet.
689 1718 759 1752 Alii
772 1721 872 1763 plau-

219 1776 292 1807 sisse
305 1799 315 1812 ,
330 1785 404 1806 non
424 1772 516 1806 male
535 1780 569 1806 et
584 1770 747 1816 erudite3
768 1780 810 1805 ut
825 1771 872 1806 sit

221 1838 365 1860 sensus:
384 1826 546 1872 palpasse
560 1838 669 1859 manu
686 1813 876 1860 servorum

221 1880 382 1914 membra
392 1903 401 1920 ,
412 1878 458 1912 ad
469 1878 729 1913 ostendendam
740 1885 878 1925 empto-

220 1934 324 1967 ribus
348 1932 483 1966 bonam
511 1933 673 1978 corporis
696 1932 879 1966 habitudi-

221 1998 307 2021 nem
332 1995 368 2020 et
387 1987 541 2019 nitorem
555 2010 565 2028 ‚
583 1985 638 2018 vel
662 1998 782 2019 servos
801 1986 877 2019 lau-

223 2038 344 2074 dando
373 2047 408 2073 et
434 2037 688 2085 applaudendo
714 2038 878 2072 incitasse

222 2091 269 2126 ad
288 2090 511 2133 saltandum,
529 2092 569 2124 ea
588 2090 851 2124 consuetudine
865 2115 875 2132 ‚

224 2154 260 2180 et
279 2143 500 2180 cantandum
512 2169 522 2186 ,
540 2156 639 2186 more
657 2144 785 2190 patrio.
805 2143 876 2177 Sed

222 2198 284 2233 has
301 2198 456 2232 rationes
473 2210 492 2232 e
510 2206 582 2231 tarn
597 2197 798 2243 longinquo
815 2209 876 2243 pe·

224 2253 322 2287 tiisse
339 2252 504 2286 Persium
521 2251 604 2298 quis
618 2250 768 2286 credat?
787 2263 876 2298 qua-

918 704 1072 743 propter
1080 722 1090 739 ‚
1101 694 1293 731 lectionem
1303 695 1471 730 codicum
1481 709 1572 730 non·

918 750 1105 783 nullorum
1117 750 1355 796 praetulimus,
1364 750 1475 784 veluti
1490 750 1570 783 sim-

919 802 1109 848 pliciorem
1139 809 1174 835 et
1204 802 1388 848 aptiorem.
1399 823 1444 827 —
1457 801 1572 846 Rigida

921 855 1055 888 catasta.
1071 855 1129 889 Ob
1148 855 1304 901 rigorem
1319 855 1513 890 servitutis.
1523 875 1571 880 —

924 912 1067 943 catasta.
1092 909 1210 942 Locus
1241 908 1277 942 in
1304 909 1465 942 Romano
1491 909 1572 942 soro

926 962 991 996 ubi
1009 962 1102 996 servi
1122 961 1260 995 venales
1274 962 1550 1009 exponebantur
1562 986 1573 1002 ‚

926 1018 992 1051 ἀπὸ
1007 1020 1063 1050 τοῦ
1091 1016 1298 1055 >canok-aeota.
1316 1017 1428 1058 Item,
1445 1023 1574 1050 castata

921 1076 995 1102 erat
1007 1068 1120 1114 lignea
1138 1080 1157 1101 e
1177 1067 1344 1101 tabulatis
1356 1067 1517 1101 machina
1534 1067 1572 1100 in

922 1134 995 1168 qua
1023 1121 1136 1155 vincti
1163 1120 1374 1167 prostabant
1401 1119 1494 1154 servi
1515 1132 1576 1154 ve—

923 1175 1028 1209 nales.
1041 1174 1196 1208 Martial.
1212 1174 1322 1220 epigr.
1336 1173 1400 1207 lib.
1416 1173 1470 1206 IX
1480 1197 1491 1214 ‚
1505 1174 1573 1207 60:

923 1230 1008 1266 Quos
1022 1237 1132 1258 arcana
1147 1232 1268 1256 servant
1280 1226 1416 1256 tabulata
1428 1232 1550 1257 catasta.

923 1280 1055 1314 Similis
1070 1288 1190 1313 autem
1203 1279 1290 1313 huic
1306 1287 1380 1314 erat
1395 1287 1525 1313 catasta
1538 1278 1577 1312 in

924 1347 993 1381 qua
1023 1342 1194 1381 martyres
1221 1334 1309 1368 olim
1332 1331 1577 1368 extendeban-

926 1396 999 1421 tur.
1021 1387 1059 1420 P.
1074 1396 1110 1421 et
1125 1387 1165 1421 A.

975 1454 1032 1498 78.
1045 1456 1122 1485 Rem
1133 1454 1291 1497 duplica]
1301 1440 1473 1486 Naturam
1484 1464 1580 1485 mor-

926 1506 963 1539 bi
979 1506 1024 1539 de
1039 1519 1112 1552 quo
1130 1506 1293 1552 loquitur
1310 1505 1357 1539 ob
1372 1505 1496 1539 oculos
1511 1517 1578 1551 po-

925 1559 1000 1593 nit:
1020 1572 1102 1593 nam
1127 1567 1168 1592 ut
1195 1559 1385 1593 temulenti
1410 1558 1506 1592 sitim
1525 1558 1579 1591 vi-

925 1626 948 1646 n
955 1625 1017 1646 um
1026 1638 1037 1655 ‚
1049 1611 1242 1660 hydropici
1251 1625 1342 1658 aqua
1351 1611 1468 1645 irritat
1476 1636 1486 1654 ‚
1501 1623 1576 1644 non

926 1665 1048 1710 sedat;
1064 1666 1113 1699 sic
1132 1665 1224 1700 avari
1246 1665 1409 1699 animum
1425 1677 1499 1698 non
1513 1676 1576 1698 ex-

924 1720 1002 1767 plet
1016 1719 1114 1767 quod
1127 1728 1273 1767 partum
1287 1727 1339 1753 est
1349 1744 1359 1761 ‚
1375 1717 1437 1752 sed
1451 1717 1495 1752 ad
1506 1730 1579 1751 ma-

923 1776 1001 1822 jora
1014 1772 1301 1820 concupiscenda
1314 1772 1434 1806 allicit.
1444 1770 1579 1805 Iisdem
1606 1805 1615 1809 ⁷.

928 1840 1022 1875 pene
1037 1827 1156 1861 verbis
1175 1825 1388 1860 sententiam
1406 1823 1598 1871 expressit'

931 1879 1089 1914 eamdem
1102 1880 1148 1912 D.
1163 1878 1314 1912 Basilius
1324 1878 1363 1911 in
1374 1875 1522 1911 homilia
1536 1875 1582 1910 ad

933 1934 1061 1969 divites
1077 1947 1084 1967 :
1104 1937 1251 1970 Πολλῶν,
1270 1931 1340 1974 ait,
1359 1933 1444 1978 ὑμᾶς
1462 1928 1581 1970 ἐνδεεῖς

931 1989 1018 2022 ποιεῖ
1052 1988 1089 2022 τὸ
1120 1990 1177 2026 τῆς
1210 1986 1380 2032 ἐπιθυμίας
1418 1985 1584 2031 ἀκόρεςον.

932 2043 999 2080 τοῖς
1039 2037 1125 2074 δέκα
1161 2039 1333 2078 ταλάντοις
1369 2035 1455 2072 δέκα.
1489 2038 1585 2084 ἕτερα

930 2093 1113 2140 προςιθέναι
1143 2089 1355 2131 σπουδάζεις.
1384 2087 1519 2125 ἐπειδὰν
1549 2087 1584 2133 δ’

932 2147 1030 2180 εἴκοσι
1044 2147 1198 2191 γένηται,
1213 2144 1296 2178 ἄλλα.
1310 2147 1461 2178 τοσαῦτα
1476 2143 1585 2182 ἐπιζη-

931 2201 1008 2237 τεῖς·
1040 2198 1093 2232 καὶ
1127 2199 1175 2231 ἀεὶ
1209 2210 1260 2231 σοι
1289 2197 1327 2230 τὸ
1355 2197 1582 2242 προςιθέμενον

933 2251 1001 2295 οὐχὶ
1015 2255 1072 2288 τῆν
1093 2251 1191 2295 ὁρμὴν
1211 2251 1336 2290 fenam,
1355 2249 1426 2282 ἀλλ’
1443 2248 1582 2294 ἀναφλέ-

271 2386 315 2415 V.
342 2383 396 2423 76.
417 2382 495 2413 Nec.
515 2380 666 2413 Restitui‘
681 2392 725 2412 ex
746 2379 846 2412 codd.
870 2381 948 2411 Vct.
977 2379 1083 2411 schol.
1107 2385 1140 2409 et
1166 2385 1242 2421 post
1265 2378 1356 2408 hunc
1381 2377 1580 2409 recentiores

225 2436 352 2469 habent
366 2446 424 2468 ne:
443 2443 625 2481 utrumque
642 2435 739 2466 bene.

273 2523 316 2551 V.
344 2531 399 2560 77.
423 2518 560 2551 Pavisse.
588 2521 637 2550 Ita
662 2517 808 2550 colbert.
830 2519 901 2555 ΙΙΙ,

925 2522 957 2548 et
982 2516 1115 2548 Pithoei
1134 2517 1169 2547 1:
1189 2516 1234 2546 ita
1257 2526 1391 2557 quoque
1414 2514 1491 2545 edit.
1511 2521 1579 2546 vet.

227 2574 377 2604 Britann.
397 2581 429 2604 et
443 2573 578 2604 Aldina.
595 2571 677 2604 Cod.
693 2578 827 2609 noster,
840 2577 872 2602 et
888 2570 1002 2601 decem
1024 2570 1098 2608 alii,
1115 2569 1272 2601 clausisse.
1286 2571 1358 2599 Vet.
1378 2567 1482 2599 schol.
1495 2571 1582 2598 Fau-

229 2626 315 2656 chet.
333 2628 408 2657 cod.
424 2634 457 2658 et
472 2627 540 2658 duo
555 2626 634 2664 alii,
645 2625 822 2667 plausisse}
837 2635 937 2666 quam
955 2623 1130 2655 lectionem
1149 2623 1346 2654 recentiores
1359 2628 1560 2664 acceperunt
1571 2644 1582 2661 ‚

228 2686 347 2720 praeter
361 2680 484 2710 Lubin.
500 2679 746 2712 VVedderburn.
761 2685 793 2709 et
807 2677 990 2708 nonnullos
1000 2699 1010 2715 ‚
1025 2676 1085 2718 qui
1100 2675 1224 2708 habent
1234 2675 1370 2719 pavisse.
1388 2676 1456 2708 Cur
1473 2681 1582 2707 autem

230 2730 317 2763 hanc
331 2732 401 2762 aliis
414 2733 615 2775 praetulerim
626 2754 635 2772 ‚
650 2732 717 2763 vid.
732 2742 804 2774 sup.
819 2729 1098 2762 commentarium.
1491 2724 1494 2727 ’
