1846 3184
262 295 348 348 246
514 297 564 339 C.
605 296 868 340 LUCILII
902 299 1330 344 FRAGMENTA

889 384 908 419 1
919 384 940 420 I
953 385 983 420 I.

320 471 699 483 ...............
724 449 822 493 Quae
839 446 946 485 horis
965 447 1116 486 sublata
1136 448 1290 487 duabus

311 509 454 547 Omnia
471 518 562 548 sunt
573 539 583 557 ‚
601 510 681 548 sole
697 524 835 549 occaso
847 540 858 558 ‚
879 511 1091 564 ductoque.

896 577 916 612 Ι
926 578 973 613 V.

311 638 543 690 Injuriatum
562 638 669 676 hunc
685 639 726 676 in
741 639 873 677 fauces
887 639 1057 687 intrasse,
1073 641 1320 693 animamque

309 703 465 741 Elisisse
483 702 554 740 illi.

911 772 960 807 V.

311 832 427 870 Nunc
443 833 680 870 Nomentani
699 845 788 883 quae
808 846 856 871 ex
874 834 1040 872 testibus
1059 835 1143 886 ipse
1159 835 1334 887 rogando

310 897 527 948 Exsculpo,
545 896 627 935 haec
643 897 783 935 dicam.

899 965 976 1001 VI.

311 1029 410 1074 Qnae
428 1039 535 1065 nunc
552 1027 722 1065 Aemilio
740 1035 958 1078 praecauto,
979 1036 1097 1080 atque
1113 1029 1248 1082 exigo,
1267 1042 1436 1082 quaeque

310 1092 495 1129 Excanto.

883 1159 919 1195 V
929 1159 948 1195 Ι
959 1160 990 1195 1.

309 1222 400 1259 Non
418 1221 529 1268 dico,
548 1221 677 1259 vineat
694 1217 844 1260 licet'et
861 1235 982 1274 vagus
996 1222 1152 1308 &salet
1163 1252 1173 1270 ‚
1195 1231 1296 1262 erret

309 1286 445 1324 Exlex.

785 1394 792 1398 ‚
859 1353 923 1389 VI
936 1353 954 1388 1
967 1353 999 1389 1.

310 1417 425 1453 Nunc
445 1418 590 1454 Praetor
610 1423 702 1453 tuus
721 1423 779 1453 est
793 1418 898 1454 meu’
910 1444 922 1462 ,
941 1417 973 1454 si
992 1416 1209 1455 discesserit
1224 1416 1349 1454 homi>
1361 1446 1371 1462 ‚

313 1479 490 1518 Gentilis.

614 1584 616 1586 .
831 1558 836 1562 ·
891 1546 910 1582 1
924 1538 974 1582 X.

310 1609 352 1648 Si
370 1609 527 1647 natibus
543 1609 732 1648 natricem
748 1609 942 1660 impressit
960 1622 1126 1648 crassam
1144 1618 1183 1648 et
1203 1610 1420 1662 capitatam.

854 1680 860 1687 ⁸
908 1675 959 1711 X.

312 1738 438 1779 Stulte
458 1738 641 1777 saltatum
658 1747 697 1777 te
715 1739 817 1777 inter
831 1733 980 1777 venisse
996 1734 1176 1777 cinaedos.

893 1806 933 1841 X
947 1806 979 1842 Ι.

310 1868 596 1907 Succussatoris
614 1869 728 1917 tetri,
744 1869 923 1920 tardique
943 1868 1096 1907 caballi.

879 1935 919 1972 X
930 1936 949 1971 I
961 1936 992 1971 Ι.

310 2000 440 2036 Homo
460 1998 684 2050 impudicus
706 2007 745 2036 et
763 1999 924 2050 impune
942 2007 999 2037 est
1018 1999 1226 2051 rapinator.

306 2142 339 2172 3.
353 2140 558 2178 Priscianus,
571 2139 631 2170 lib.
644 2140 710 2170 IX:
724 2138 778 2170 Ab
791 2139 908 2170 occido
1010 2150 1042 2180 9.
1060 2140 1207 2172 Nonius:
1224 2140 1372 2173 Nutrices
1385 2138 1616 2174 dicuntur-‘an-

258 2203 389 2224 occasus
405 2203 467 2234 pro
485 2194 500 2226 ὁ
516 2189 631 2231 δ’ὑνας.
962 2204 1043 2236 gaes
1061 2202 1225 2226 natantes.

306 2253 340 2284 4.
358 2246 511 2277 Nonius:
529 2246 657 2277 Elidere
674 2244 851 2277 excludere
864 2244 910 2275 si·
955 2239 958 2242 Δ
1014 2258 1066 2278 ιο.
1095 2249 1253 2280 Nonius:
1278 2248 1405 2281 Cinaedi
1426 2249 1507 2280 dicti
1534 2256 1615 2280 sunt

257 2299 402 2342 gnificat.
964 2297 1054 2339 apud
1071 2305 1195 2330 veteres
1213 2299 1404 2337 saltatores,
1421 2299 1474 2330 vel
1493 2305 1615 2341 panto-

306 2354 338 2384 5.
357 2352 502 2385 Nonius:
525 2352 720 2394 &sculpere
738 2358 787 2382 est
799 2358 909 2382 extor-
963 2352 1058 2382 mimi
1073 2351 1140 2385 ἀπὸ
1158 2353 1214 2385 τοῦ
1234 2351 1329 2385 κινεῖν
1348 2352 1386 2385 τὸ
1403 2354 1515 2396 σῶμα..

257 2417 371 2449 quere.
810 2406 816 2417 '
1014 2415 1028 2435 ι
1039 2415 1066 2434 1.
1080 2405 1232 2443 Nomas,
1247 2403 1407 2435 caballus.
1421 2403 1512 2435 Idem
1525 2415 1533 2434 :
1545 2415 1615 2435 suc-

295 2460 336 2490 6.
358 2459 512 2491 Nonius:
532 2460 722 2490 Excantare
747 2456 912 2501 sig-nificat
964 2469 1092 2489 cussare
1103 2464 1150 2489 eet
1164 2468 1296 2489 sursum
1308 2457 1503 2500 frequenter
1515 2468 1616 2489 excu-

258 2513 444 2544 excludere.
968 2518 1047 2543 tere.

307 2577 338 2604 7.
357 2567 511 2598 Nonius:
531 2567 617 2598 Illex
629 2573 662 2597 et
677 2566 776 2599 exlex
790 2572 838 2597 est
853 2564 914 2608 qui
1017 2575 1070 2596 ια.
1082 2564 1234 2597 Nouius:
1248 2555 1383 2606 Impane
1394 2564 1547 2606 quod-est
1557 2563 1617 2595 im-

261 2618 332 2648 sine
346 2619 416 2660 lege
430 2621 527 2651 vivit,
965 2615 1142 2658 pudenter.
1167 2615 1258 2648 Idem
1276 2627 1283 2646 :
1303 2615 1506 2658 rapinatores
1517 2639 1530 2654 ,
1551 2625 1615 2658 pro

309 2671 338 2700 8.
351 2672 501 2704 Donatus
509 2696 518 2712 ‚
532 2673 570 2705 in
579 2673 685 2705 Andr.
697 2679 760 2704 act.
770 2674 813 2711 V,
823 2683 867 2704 sc.
877 2672 910 2703 6.
966 2669 1165 2713 raptoribus.
