1846 3184
678 270 940 316 sATmA
983 273 1089 328 111.

286 358 427 414 Atque
443 365 691 412 exporrecto
714 354 980 395 trutinantur
996 354 1125 407 verba
1140 354 1296 396 labello
1307 386 1319 407 ‚

282 430 457 490 Aegl-oti
480 429 630 471 veteris
652 428 904 471 meditantes
926 428 1115 470 somnia:
1140 428 1272 485 Gigni

282 507 348 550 De
362 505 492 546 nihilo
515 505 639 557 nihil,
657 507 700 546 in
722 505 899 546 nihilum
920 505 986 546 nil
995 519 1115 562 posse
1139 505 1295 545 reverti.

284 582 380 624 Hoc
387 591 464 634 est,
475 581 591 638 quod
599 581 729 639 palles
740 580 845 623 Pcur
853 581 948 638 quis
958 596 1046 622 non
1058 579 1283 638 prandeat,
1297 580 1378 622 hoc
1389 579 1472 623 est?
1519 585 1562 621 83

284 657 362 698 His
375 657 562 715 populus
578 657 689 699 ridet
701 689 713 709 ‚
729 658 1001 714 multumque
1014 668 1154 709 torosa
1166 648 1367 713 juventus

281 731 520 790 Ingeminat
535 733 739 774 tremulos
758 747 861 774 naso
876 732 1088 789 crispante
1106 731 1350 774 cachinnos.

283 806 475 865 Inspice:
490 807 632 849 nescio
647 807 752 864 quid
768 807 951 865 trepidat
966 807 1073 848 mihi
1088 817 1237 864 pectus
1247 839 1260 860 ‚
1276 818 1318 849 et
1335 808 1455 865 aegris

224 924 327 954 -Ee
352 923 481 954 rabiosa
509 924 645 954 silentia.
675 921 865 956 Silentium

223 973 508 1021 primostudiosi
528 974 684 1008 hominis
703 984 737 1008 et
754 975 866 1008 medi-

224 1027 331 1060 tantis
349 1035 432 1060 nota
459 1034 535 1060 est:
558 1026 639 1060 ideo
664 1035 785 1060 autem
810 1040 866 1060 ra-

224 1079 323 1112 biosa
340 1078 447 1121 dicit,
460 1079 543 1126 quia
559 1079 604 1112 de
621 1080 725 1125 plebe
742 1079 770 1112 si
787 1079 867 1125 quis

226 1130 456 1165 meditantem
485 1132 742 1177 philosophum
765 1131 866 1165 vide·

224 1182 274 1216 rit
290 1208 301 1224 ,
319 1191 427 1229 atque
445 1184 519 1229 ejus
538 1191 656 1229 gestus
673 1182 865 1229 aliquando

225 1234 416 1277 ridiculos,
432 1236 529 1269 hunc
542 1247 710 1269 vesanum
730 1244 792 1270 aut
809 1248 865 1269 ra-

194 1290 197 1291 ’
224 1287 366 1321 biosum
390 1287 616 1322 existimabit.
637 1287 680 1321 P.

274 1340 333 1374 82.
351 1343 460 1383 Atque
482 1348 693 1383 exporrecto,
713 1342 785 1384 etc.]
811 1340 865 1374 Ita

224 1391 267 1426 fit
278 1405 442 1427 murmur
449 1393 626 1426 labiorum
635 1393 864 1433 inmutatione,

226 1453 268 1479 ut
285 1444 472 1480 videantur
493 1446 598 1480 verba
619 1445 753 1492 singula
774 1457 864 1492 pen-

223 1498 339 1532 sitari
353 1499 395 1532 P.

269 1551 329 1585 83.
360 1552 496 1596 Aegroti
523 1554 643 1585 veteris
676 1554 867 1585 meditantes

222 1603 439 1647 somnia.18ic
455 1616 518 1650 per
531 1612 774 1650 contemptum
789 1604 864 1650 pla·

222 1654 292 1689 cita
309 1655 555 1702 philosophica
569 1665 682 1690 vocat.
701 1657 862 1690 Lactant.

222 1719 269 1740 ex
281 1715 352 1741 vet.
368 1712 469 1754 poet.
486 1708 535 1742 sic
549 1708 675 1742 hahet:

220 1770 376 1800 Postremo
408 1782 498 1801 nemo
533 1778 661 1812 egrotus
695 1772 862 1812 quidquam

302 1818 455 1853 somniat,

221 1861 298 1891 Tam
317 1862 490 1898 infandum,
511 1864 597 1903 quod
616 1874 678 1894 uon
696 1864 804 1905 aliquis
818 1865 864 1894 di-

301 1915 350 1938 eat
370 1909 581 1949 philosophus.

268 1965 326 2004 84.
347 1969 398 1998 De
414 1968 516 2000 nihilo
535 1969 635 2006 nihil,
655 1971 735 2013 etc.]
756 1969 861 2003 Axio-

918 921 1022 955 semel
1040 921 1076 955 in
1092 920 1151 955 die
1169 921 1292 955 cibum
1309 922 1445 968 capiat;
1462 922 1563 968 quod

920 981 1042 1007 contra
1057 985 1285 1007 communem
1299 982 1373 1008 erat
1389 975 1564 1008 Romano·

918 1038 999 1059 rum
1016 1024 1312 1059 consuetudinem
1327 1038 1336 1059 ε
1354 1026 1448 1060 intra
1467 1027 1564 1070 enim

920 1078 1080 1124 quintam
1103 1086 1138 1111 et
1160 1087 1295 1111 sextam
1318 1078 1465 1119 horam,
1484 1091 1564 1112 cor·

916 1131 1014 1176 poris
1038 1129 1262 1164 sustentandi
1289 1133 1415 1171 causi,
1438 1131 1564 1165 cibum

917 1194 1042 1228 capere
1060 1182 1218 1216 solebant
1230 1207 1242 1223 ‚
1256 1195 1335 1229 quae
1353 1183 1563 1218 comessatio

916 1234 1111 1282 prandium
1131 1236 1398 1270 nominabatur.
1425 1237 1468 1270 A.

964 1288 1023 1321 86.
1044 1289 1100 1320 His
1108 1289 1248 1330 populus
1261 1290 1367 1332 ridet.]
1386 1287 1496 1334 Apud
1508 1300 1566 1323 ve-

917 1346 1009 1381 teres
1022 1341 1105 1372 ridet
1117 1337 1216 1373 idem
1230 1338 1328 1385 quod
1342 1339 1479 1374 arridet
1488 1365 1499 1380 ‚
1514 1353 1566 1375 as-

916 1392 1073 1425 sentitur
1094 1400 1130 1426 et
1151 1391 1302 1438 plaudit.
1318 1393 1431 1426 Aliter
1453 1394 1565 1428 sentit

918 1444 1094 1478 eruditiss.
1128 1446 1373 1492 typographus
1408 1454 1530 1480 noster
1550 1471 1561 1487 ‚

920 1498 1025 1543 cujus
1043 1504 1127 1530 nota
1143 1497 1219 1530 haec
1239 1506 1292 1531 est
1309 1510 1318 1530 :
1337 1518 1385 1523 —
1403 1514 1417 1527 ι
1433 1499 1563 1542 Hispo-

922 1565 936 1579 ·
945 1552 1044 1593 palus
1060 1551 1152 1582 ridet.
1166 1551 1259 1582 Ridet
1269 1562 1314 1584 ne
1330 1559 1418 1596 peut
1430 1563 1514 1597 pas,
1526 1553 1563 1598 je

920 1619 935 1632 ι
950 1603 1042 1636 crois
1054 1627 1065 1644 ‚
1090 1603 1249 1649 signifier
1277 1606 1452 1637 assentitur
1463 1618 1477 1643 ,·
1505 1617 1566 1639 car

919 1671 934 1685 ι
948 1655 974 1688 il
997 1655 1099 1690 serait
1120 1668 1171 1689 un
1195 1665 1401 1690 contresens
1423 1669 1507 1691 avec
1531 1657 1564 1690 la

918 1724 933 1737 t
947 1708 1039 1742 suite
1056 1732 1068 1748 ,
1095 1709 1284 1751 ingeminat.
1295 1732 1303 1740 .
1315 1733 1323 1740 .
1335 1733 1343 1740 .
1372 1710 1560 1742 cachinnos.

917 1776 932 1789 ι
948 1759 1042 1794 C'est
1060 1772 1131 1793 une
1149 1772 1273 1806 espece
1301 1759 1347 1794 de
1372 1762 1526 1808 re‘ponse
1544 1764 1564 1794 ἐι

918 1828 932 1841 ι
948 1824 1004 1846 ces
1022 1820 1137 1846 mots:
1154 1815 1188 1845 la
1205 1814 1286 1845 belle
1301 1815 1409 1846 raison
1426 1826 1516 1857 pour
1531 1827 1563 1846 sc·

917 1882 933 1895 «
942 1878 1056 1909 passer·
1069 1868 1110 1898 de
1125 1865 1241 1898 aruer!
1262 1866 1354 1899 aussi
1373 1866 1407 1900 le
1426 1867 1561 1912 peuple

914 1934 928 1947 ι
944 1929 980 1951 se
990 1929 1126 1964 moque
1139 1917 1259 1959 d’eux;
1269 1918 1312 1952 ils
1322 1918 1401 1952 font
1414 1919 1563 1964 pousser

914 1986 929 1999 ι
944 1968 989 2003 de
1006 1970 1080 2004 rire
1100 1970 1150 2003 les
1169 1971 1296 2016 jeunes
1317 1983 1410 2016 gens.
1425 1987 1439 1999 ι
1458 1971 1497 2004 F.
1514 1972 1560 2003 D.

220 2027 277 2050 ma
310 2017 541 2064 physicorum
567 2020 856 2066 vulgatissimum.
910 2026 1100 2056 -Τονωα,
1130 2023 1244 2066 Tori,
1276 2024 1379 2056 nervi
1403 2036 1413 2056 ε
1444 2023 1528 2057 hinc
1545 2047 1557 2063 ‚

220 2068 316 2103 Vide
336 2071 480 2104 Lucret.
502 2072 562 2105 lib.
584 2072 615 2105 1.
643 2073 688 2106 Et
710 2075 759 2107 M.
786 2076 861 2107 An·

220 2123 336 2156 tonin·
356 2124 430 2157 IV:
452 2122 558 2159 Οὐδεν
586 2127 623 2160 ἐκ
641 2130 696 2160 τοῦ
723 2125 860 2173 μηδενὸς

913 2084 1056 2110 tor-osus
1089 2076 1262 2123 significat
1300 2077 1489 2111 robustum
1524 2084 1560 2110 et

912 2129 1125 2175 corpulento
1133 2142 1168 2162 m
1179 2141 1189 2171 ;
1203 2137 1251 2169 et,
1262 2129 1330 2162 hoc
1342 2129 1421 2162 loco
1430 2153 1441 2169 ‚
1456 2138 1564 2161 torosa

219 2175 363 2220 ἔρχεται,
383 2176 491 2223 ὥσπερ
518 2175 599 2224 μήδ’
618 2180 662 2218 εἰς
687 2180 724 2213 τὸ
750 2181 807 2214 stix
825 2180 858 2214 ὃν
904 2183 1054 2226 juventus
1074 2181 1194 2227 accipi
1220 2180 1327 2214 debet
1350 2193 1417 2226 pro
1434 2182 1564 2226 juven-

219 2227 410 2272 ἀπέρχεται.
430 2229 473 2263 C.

267 2278 326 2312 85.
340 2282 408 2312 Hoc
418 2290 465 2312 est
474 2283 565 2324 quad
571 2283 721 2329 palles.³]
738 2282 860 2318 Senec-

219 2329 322 2377 epist.
355 2333 517 2367 XLVIII
539 2359 550 2375 ‚
579 2334 625 2369 de
656 2337 858 2380 puerilibus

219 2380 416 2428 logicorum
434 2385 578 2432 ineptiis
595 2399 604 2420 τ
623 2391 692 2421 Hoc
712 2399 759 2421 esc
774 2391 865 2431 qubd

221 2435 319 2466 tristes
337 2437 481 2469 docemus
495 2447 528 2470 et
535 2440 655 2481 pallidi
662 2445 679 2470 :²
697 2439 788 2472 C.—
801 2443 864 2473 Cur

221 2487 293 2527 quis
303 2500 367 2520 non
374 2492 548 2532 prandeat,
558 2492 618 2523 hoc
625 2501 682 2523 est.
694 2491 864 2538 Adeoque

912 2242 991 2268 tute
1003 2234 1136 2267 militiae
1147 2233 1268 2268 dedita
1278 2241 1314 2267 et
1327 2234 1465 2267 hircosa
1479 2245 1566 2279 gen·

914 2294 951 2320 te
968 2286 1222 2320 centurionum
1232 2311 1240 2318 .

962 2339 1020 2383 87.
1050 2341 1210 2371 Tremulos
1228 2351 1306 2370 naso
1329 2339 1490 2382 crispante
1508 2351 1566 2371 ca-

913 2392 1070 2433 chinnos]
1086 2391 1233 2436 Egregia
1251 2395 1470 2437 μυκτηρισμοῦ
1481 2416 1491 2430 ,
1507 2393 1566 2427 vel

915 2442 1027 2475 soluti
1050 2442 1141 2474 risus
1164 2442 1368 2487 descriptio.

965 2494 1024 2526 88.
1056 2495 1198 2537 Inspice,
1219 2495 1324 2527 nescio
1350 2496 1455 2538 quid,
1479 2497 1561 2543 etc.]

237 2580 242 2584 .
281 2592 324 2622 V.
343 2592 396 2623 85.
416 2595 484 2624 Hoc
500 2603 564 2632 est,
578 2596 669 2637 quod
677 2597 794 2638 palles.
815 2598 895 2629 cod.
913 2597 1110 2629 Thuaneus:
1125 2597 1186 2629 hoc
1203 2606 1251 2630 est
1268 2611 1327 2630 cur
1336 2601 1467 2643 paues5
1483 2602 1564 2634 item

227 2640 296 2673 duo
322 2644 388 2675 alii.
408 2647 498 2684 «At,
518 2645 631 2688 inquit
656 2649 793 2680 Casaub.
818 2650 930 2680 minus
952 2650 1118 2692 eleganter
1142 2658 1175 2681 et
1196 2662 1403 2694 perperam.-
1425 2655 1564 2688 Codices

225 2696 397 2735 nonnulli,
414 2698 503 2739 qaid.
518 2699 604 2731 Edit.
624 2700 735 2731 Aldin.
754 2701 850 2742 quod.
869 2703 917 2733 Ita
933 2712 1068 2745 quoque
1090 2703 1165 2735 ood.
1184 2712 1308 2737 noster.
