1846 3184
362 287 447 315 222
760 274 806 314 C.
846 273 1115 316 LUCILII
1150 274 1324 318 VITA.

362 354 671 407 magistellomm
691 355 873 402 audacia,
893 370 942 394 an
960 357 1175 409 imperitia,
1198 357 1300 395 foede
1315 357 1595 410 interpolatum
1613 370 1694 398 esse
1705 388 1718 407 ‚

359 434 404 458 ac
421 422 570 459 fortean
587 421 874 459 restituendum
893 421 942 459 ad
962 421 1038 460 hoc
1060 422 1284 474 exemplum
1301 437 1311 460 ε

597 501 699 531 Ηῐιῑιο
717 500 807 530 inter
824 511 955 542 pugnas
973 501 1141 533 Serveiliu’
1160 501 1206 532 sic
1226 501 1412 543 compellat.

360 567 450 607 illos
474 570 579 606 enim
597 569 805 607 verisimile
833 577 890 607 est
916 570 1120 621 asperitate
1145 571 1326 608 carminis
1351 571 1544 618 offensos,
1565 571 1663 609 dum
1682 571 1719 610 ei

358 634 414 672 rei
435 633 660 671 consultum
687 634 742 670 ire
770 634 960 685 cupiunt,
977 648 1233 673 numerorum
1258 637 1449 674 rationem
1476 636 1627 674 nullam
1649 636 1719 674 ha-

358 699 501 736 buisse.
532 700 590 735 Ne
619 711 712 735 vero
742 698 831 749 quis
862 712 999 736 eorum
1030 702 1229 739 sententiae
1258 701 1415 738 accedat
1432 730 1443 747 ‚
1470 701 1541 752 qui
1571 709 1718 738 temere

356 764 469 800 Lucii
492 776 717 813 praenomen
744 764 893 801 faciunt
919 764 1072 802 Lucilio
1102 774 1259 803 nostro:
1281 779 1372 803 nam
1399 766 1535 803 Caium
1564 778 1718 815 semper

356 836 498 866 vocant
523 828 681 874 Cicero,
701 828 987 874 Quintilianus,
1006 829 1084 866 alii.
1112 830 1303 868 Luciliam
1330 838 1486 882 gentem
1514 830 1716 881 duplicem

357 893 476 930 fuisse
489 921 500 939 ‚
517 893 719 944 patriciam
736 905 856 930 unam
868 922 879 939 ‚
895 892 1059 930 alteram
1081 893 1275 944 plebeiam
1297 907 1347 932 ex
1367 895 1527 932 diversis
1546 895 1717 946 scripto-

355 957 465 996 ribus
484 957 628 1009 colligo
640 985 651 1003 ‚
670 965 810 1008 praeter
830 971 969 995 eorum
987 958 1215 1009 opinionem
1226 987 1238 1005 ‚
1258 959 1328 1010 qui
1343 959 1506 1011 plebeiae
1524 960 1611 1009 ejus
1630 968 1718 997 tan-

356 1031 443 1060 tum
462 1022 738 1060 meminerunt.
757 1024 810 1059 At
829 1023 1000 1074 patriciae
1019 1023 1182 1074 quidem
1200 1024 1276 1061 fuit
1294 1028 1410 1075 poe'ta
1424 1033 1579 1071 noster,
1602 1025 1716 1076 cujus

355 1088 539 1126 nobilitas
559 1088 623 1125 vel
647 1101 696 1125 ex
723 1087 807 1125 solo
834 1088 1038 1126 Paterculo
1066 1089 1182 1140 plana
1211 1097 1293 1136 est,
1317 1089 1388 1140 qui
1415 1102 1507 1128 eum
1530 1089 1715 1141 equidem

356 1153 429 1190 sub
447 1155 488 1190 P.
510 1153 692 1192 Africano
711 1152 898 1190 militasse
923 1153 1082 1201 scribit3
1102 1154 1168 1192 cui
1187 1154 1374 1192 accedant
1395 1151 1614 1192 testimonia
1632 1156 1716 1192 Ho-

354 1219 462 1264 ratii,
478 1218 654 1270 quamvis
669 1218 718 1255 ab
735 1218 856 1256 invito
872 1231 1050 1270 expressa
1061 1248 1072 1265 ‚
1091 1227 1130 1256 et
1148 1220 1189 1257 in
1207 1219 1348 1257 eodem
1362 1233 1504 1271 genere
1520 1219 1714 1257 scribendi

355 1283 499 1321 aemulo
511 1283 622 1330 ssiaec
642 1283 690 1321 de
710 1291 832 1320 semet
843 1311 854 1328 ‚
874 1291 942 1321 sat.
959 1285 977 1320 I
990 1312 1001 1330 ‚
1021 1283 1181 1322 alterius
1199 1286 1432 1323 Sermonum
1450 1284 1560 1331 libri,
1583 1296 1714 1322 coram

356 1350 398 1386 C.
417 1349 601 1386 Trebatio
617 1348 900 1401 jurisconsulto
916 1349 1132 1400 profitentis
1149 1363 1159 1386 ε
1303 1350 1309 1354 ’

587 1422 594 1427 ’
597 1455 747 1464 .......
760 1434 817 1464 Me
835 1433 979 1475 pedibus
999 1434 1139 1465 delectat
1158 1433 1311 1466 claudere
1327 1433 1437 1466 verba.

589 1486 696 1517 Lucili
716 1487 801 1525 ritu,
820 1494 972 1518 nostrum
990 1487 1140 1519 melioris
1159 1495 1318 1530 utroque.

353 1563 393 1593 ct
412 1556 541 1594 statim
559 1564 648 1607 post
660 1570 669 1592 ε

596 1657 818 1666 ..........
826 1635 1002 1677 Quidquid
1020 1646 1095 1666 sum
1113 1646 1195 1678 ego,
1212 1636 1364 1678 quamvis
1383 1651 1385 1653 ·

588 1689 679 1719 Infra
696 1689 805 1720 Lucili
823 1699 964 1726 censum
974 1713 984 1728 ‚
1000 1689 1253 1732 ingeniumque.

351 1770 401 1808 ad
426 1784 515 1822 quae
542 1770 790 1822 Porphyrion
813 1779 925 1808 vetus
954 1772 1143 1823 interpres
1166 1786 1176 1808 ε
1208 1772 1371 1808 Constat
1392 1772 1496 1808 enim
1520 1772 1712 1809 Lucilium

300 1826 309 1832 χ
350 1836 538 1882 majorem
551 1826 781 1873 avunculum
794 1837 976 1888 Pompeii
983 1838 1126 1886 Magni
1128 1836 1271 1886 fuisse&
1281 1838 1419 1873 etenim
1432 1837 1521 1873 avia
1532 1837 1716 1886 Pompeii

349 1913 461 1936 soror
473 1900 616 1937 Lucilii
619 1901 772 1949 fuerat.
792 1903 845 1938 At
859 1885 990 1939 Acron
1008 1901 1106 1939 alter
1121 1901 1311 1952 interpres
1332 1914 1425 1939 eum
1441 1915 1555 1939 avum
1571 1901 1716 1950 Magni

348 1966 530 2014 Pompeii
544 1965 636 2002 facit
653 1980 661 2001 :
687 1978 858 2016 quorum
881 1967 957 2003 utri
977 1967 1108 2018 potius
1127 1965 1310 2004 accedam
1330 1965 1462 2004 nescio
1474 1995 1486 2012 ‚
1503 1967 1596 2003 cum
1614 1965 1714 2003 nihil

348 2042 394 2067 ea
411 2029 461 2067 de
479 2043 521 2067 re
542 2029 638 2067 certi
657 2029 824 2080 legendo
847 2031 1045 2082 potuerim
1066 2031 1295 2082 comperire.
1314 2032 1428 2069 Certe
1446 2029 1622 2069 Velleius
1641 2032 1714 2067 Pa-

348 2093 523 2132 terculus
548 2107 640 2132 eum
667 2107 855 2145 magnum
881 2095 1124 2132 avunculum
1139 2125 1150 2141 ‚
1176 2095 1246 2133 sed
1275 2109 1324 2134 ex
1354 2095 1480 2133 fratris
1506 2094 1608 2140 filia,
1630 2107 1711 2132 non

349 2171 481 2197 sorore
493 2187 504 2205 ‚
524 2167 570 2196 ut
585 2158 674 2196 vult
694 2158 939 2210 Porphyrion
952 2189 963 2205 ,
978 2159 1136 2197 videtur
1153 2173 1386 2211 agnoscere3
1404 2161 1458 2198 ita
1474 2160 1579 2198 enim
1594 2159 1709 2210 capio

348 2224 465 2262 verba
483 2224 568 2276 ejus
589 2223 638 2262 de
659 2225 728 2261 Cn.
748 2224 957 2275 Pompeio,
974 2225 1046 2275 qui
1071 2232 1205 2274 postea
1228 2224 1362 2276 Magni
1381 2237 1601 2276 cognomen
1626 2237 1711 2262 sor—

347 2289 445 2326 titus
463 2297 521 2326 est
535 2318 546 2336 ‚
555 2289 642 2338 fuit
656 2289 719 2325 hic
735 2290 886 2338 genitus
906 2293 1034 2325 matre'
1050 2290 1202 2325 Lucilia
1213 2317 1227 2334 ,
1245 2290 1375 2337 stirpis·
1394 2290 1625 2335 senatorioe;
1643 2290 1711 2328 cui

346 2355 582 2406 conjecturae
595 2366 693 2392 meae
706 2353 766 2391 vir
781 2352 952 2405 ampliss.
974 2355 1066 2390 Ant.
1085 2353 1329 2404 Augustinus
1348 2352 1591 2391 subscribere
1603 2354 1711 2392 vide-

348 2427 436 2457 tur:
458 2419 524 2456 ille
552 2419 657 2456 enim
681 2418 723 2456 in
747 2417 851 2456 libro
878 2416 1134 2469 degentibus
1162 2430 1207 2455 ac
1232 2416 1388 2455 familiis
1411 2419 1681 2457 Romanorum
1695 2448 1707 2466 ‚

345 2493 511 2523 matrem
535 2479 605 2523 Cn'.
623 2484 799 2535 Pompeii
819 2483 952 2535 Magni
977 2495 1025 2520 ex
1053 2483 1168 2520 fratre
1196 2483 1238 2519 C.
1265 2481 1408 2520 Lucilii
1428 2486 1553 2535 poetae
1577 2492 1708 2523 natam

344 2558 534 2587 autumat.
552 2551 633 2587 Nec
647 2549 758 2600 ⁸enim
769 2578 780 2596 ‚
799 2549 831 2587 si
847 2561 894 2586 ea
910 2547 990 2586 filia
1003 2551 1128 2600 poetae
1146 2547 1268 2585 nostri
1284 2547 1440 2595 fuisset,
1455 2549 1498 2586 C.
1509 2548 1707 2587 Velleium

342 2628 426 2651 rem
465 2623 544 2652 tam
586 2614 780 2670 insignem
818 2613 974 2653 silentio
1013 2613 1303 2666 praeteriturum
1341 2612 1461 2652 fuisse
1493 2613 1704 2654 verisimile

343 2687 532 2717 existimo.
