1846 3184
447 307 450 309 *
492 289 580 333 Ex
596 301 602 305 v
617 278 842 330 nmio·
867 286 985 328 xvl
1019 285 1234 327 SATln.
1456 299 1541 343 277

775 371 816 406 X
827 371 863 406 V
875 370 895 406 Ι
911 370 943 405 1.

252 464 421 474 .......
430 435 521 474 'Aut
535 435 606 488 qui
623 447 806 473 nummos
825 433 945 471 tristis
962 432 1135 470 inuncat.

765 500 803 535 x
814 499 850 534 v
861 499 882 534 1
897 499 916 534 1
932 499 964 554 ,¹-

253 593 630 603 ...............
651 566 776 602 Nemo
792 570 851 599 est
863 561 1063 599 halicariu’
1080 559 1270 612 posterior
1289 567 1340 597 te.

895 713 1017 726 mm

356 830 449 873 EX
488 827 710 873 LIBRO
751 827 876 871 XVI
914 825 1365 902 SATIRARUNQ

237 943 481 994 Porphyrion
503 943 544 980 in
566 945 699 984 Horat.
726 943 776 980 ad
800 942 901 980 illud
927 942 996 979 lib.
1014 944 1052 988 1,
1080 941 1144 979 od.
1171 954 1248 978 20:
1274 943 1378 978 Dum
1404 953 1533 977 meam

186 1017 300 1044 canto
310 1010 499 1057 Lalagen.
514 1007 560 1044 Id
577 1015 654 1053 est,
670 1021 826 1045 cannen
844 1007 884 1044 in
896 1007 1063 1058 Lalagen
1078 1006 1241 1044 amicam
1251 1034 1261 1051 ,
1278 1006 1361 1058 ejus
1376 1005 1535 1043 nomine

185 1073 461 1122 compositum.
479 1072 542 1109 Sic
561 1081 600 1110 et
617 1072 717 1109 liber
731 1071 872 1108 Lucilii
890 1068 1065 1110 decim'us
1085 1079 1216 1108 sextus
1230 1070 1385 1121 Collyra
1398 1070 1535 1108 inscri-

185 1134 311 1181 bitur,
329 1149 377 1173 eo
396 1135 506 1186 quod
524 1135 574 1172 de
595 1135 751 1185 Collyra
767 1135 890 1172 amica
908 1147 977 1171 sua
995 1134 1160 1184 scriptus
1179 1134 1240 1170 sit.

843 1200 875 1235 Ι.
1187 1233 1194 1237 .

236 1264 323 1301 Ibat
338 1264 436 1302 forte
449 1263 548 1301 aries
559 1292 570 1309 ‚
587 1263 716 1314 inquit
730 1277 739 1299 :
755 1262 837 1310 jam
853 1262 962 1314 quod
980 1263 1117 1313 geuu'!
1135 1261 1294 1312 quantis
1337 1274 1341 1277 ’

235 1327 424 1365 Testibu'!
438 1327 512 1364 Vix
528 1340 607 1364 uno
625 1327 691 1366 filo
711 1325 792 1363 haec
814 1338 854 1363 se
871 1327 1005 1363 herere
1020 1339 1029 1361 :
1050 1331 1206 1376 putares

234 1391 421 1430 Pellicula
439 1390 607 1429 extrema
626 1402 674 1428 ex
691 1397 828 1442 aptum
847 1389 1017 1441 pendere
1035 1394 1136 1427 onus
1152 1388 1303 1440 ingens.

818 1456 838 1492 1
848 1457 880 1492 1.

246 1549 681 1558 .................
706 1519 866 1570 Lysippi
883 1521 905 1557 J
908 1518 1064 1569 uppiter
1082 1518 1156 1555 ista

232 1585 424 1624 Transivit
436 1614 449 1632 ‚
469 1584 723 1636 quadraginta
741 1583 872 1621 cubita
891 1583 985 1620 altu’
997 1611 1008 1628 ‚
1027 1584 1207 1619 Tarento.

799 1650 818 1684 I
830 1649 849 1683 I
863 1649 895 1683 Ι.

232 1716 317 1751 Rex
331 1716 452 1763 Cotys
469 1713 537 1751 ille
552 1713 653 1755 duos
666 1719 802 1749 ventos
817 1713 1005 1747 Austrum
1024 1714 1141 1760 at'que
1158 1707 1398 1759 Aquilonem

232 1778 394 1815 Novisse
413 1777 540 1828 ajebat
558 1776 661 1814 solos
682 1789 722 1812 se
742 1775 913 1825 demagis
932 1774 1028 1811 istos
1099 1776 1102 1779 ’

233 1837 443 1878 Ει”ιιίω1)ο
461 1839 669 1885 austellos‚
689 1852 762 1876 nec
782 1851 895 1876 nosse
913 1846 1050 1888 putare
1070 1849 1237 1875 necesse.

812 1905 888 1942 IV.

231 1968 388 2020 Legavit
408 1968 570 2019 quidam
586 1968 700 2006 uxori
718 1966 912 2005 munaum
930 1979 1046 2004 omne
1064 1978 1303 2017 penumque.

230 2032 337 2080 Quid
355 2032 575 2071 mundum?
591 2032 689 2083 quid
705 2031 811 2069 non?
826 2045 916 2069 nam
931 2032 1020 2082 quis
1035 2030 1225 2081 dijudicet
1239 2029 1367 2066 istuc?

826 2098 876 2132 V.

228 2160 358 2198 Fundi
368 2189 380 2206 ‚
399 2160 568 2198 delectat
584 2160 706 2198 virtus
723 2168 762 2198 te
774 2188 787 2206 ,
799 2159 947 2197 vinicu’
966 2137 1102 2210 pauuss

217 2219 428 2264 ‘Strenuior
446 2225 479 2262 si
497 2224 669 2262 evaserit.

226 2363 278 2392 ¹7·
289 2354 437 2386 Nonius:
449 2355 609 2385 Inuncaoe
617 2377 629 2392 ,
649 2354 743 2395 quasi
756 2364 821 2384 un-
924 2363 952 2382 1.
970 2350 1120 2383 Nouius:
1137 2349 1259 2391 Apum
1271 2371 1281 2387 ,
1297 2359 1429 2381 rursum
1441 2360 1521 2387 eou-

177 2415 219 2436 ω
235 2405 388 2438 inv-dere
404 2414 439 2438 et
454 2407 610 2449 arripere.
872 2414 998 2435 nexum
1022 2409 1056 2433 et
1080 2402 1271 2443 colligatum
1299 2401 1477 2445 signifiat.

230 2457 282 2487 18.
294 2457 735 2497 muisind‚1ib.1:Alicam
750 2457 821 2488 sine
922 2467 956 2487 2.
976 2456 1110 2487 Nonius
1124 2466 1133 2485 :
1153 2455 1319 2493 achitum,
1335 2456 1447 2487 neutri
1463 2466 1521 2500 ge-

178 2508 373 2550 aspiratione
380 2511 501 2544 dietam
512 2512 648 2543 Verrius
660 2510 757 2541 tradit
765 2532 775 2548 ‚
789 2517 822 2541 et
872 2510 970 2541 neris.

98 2583 102 2589 .
179 2561 230 2591 tic
246 2560 342 2591 multi
355 2561 507 2596 dixerunt
521 2576 529 2595 z
544 2564 608 2596 nisi
622 2563 714 2605 quod
725 2563 825 2594 Luci·
922 2563 955 2594 3.
964 2561 1112 2593 Nonius:
1121 2558 1290 2604 Dehagis,
1303 2561 1399 2594 valde
1406 2561 1521 2605 mgis.

178 2614 243 2644 lius
259 2614 296 2644 in
309 2615 782 2663 XV2Nernoestka1icariul'p·
797 2623 819 2649 e.
922 2621 955 2651 4.
973 2615 1014 2645 A.
1027 2612 1245 2652 Gellius,lih.
1263 2615 1323 2652 IV,
1339 2625 1414 2660 up.
1432 2625 1465 2657 Ι.

182 2676 259 2698 cum
278 2666 474 2709 aspiratione
490 2669 583 2702 dixit.
924 2668 957 2700 5.
980 2667 1187 2715 Priscianm3
1206 2666 1266 2701 lib.
1283 2669 1344 2701 m.
