1846 3184
1282 323 1547 340 mm

318 466 1463 554 A.PERSIIFLACCI

646 649 1117 718 SATIRAE.

618 897 1155 956 PROLOGUS.

286 1037 364 1122 N
376 1088 435 1115 nc
458 1073 574 1114 fonte
594 1071 711 1113 labra
734 1072 880 1130 prolui
899 1038 1108 1113 caballino
1124 1087 1135 1112 :

275 1200 378 1234 More
399 1198 674 1233 dramaticorum
686 1222 698 1237 ‚
720 1198 868 1245 quibus-

230 1265 317 1287 cum
334 1264 495 1299 magnam
512 1251 722 1286 affinitatem
740 1251 867 1292 habet,

207 1307 212 1309 “
230 1305 381 1352 prologo
410 1316 497 1338 usus
527 1312 581 1338 est
610 1303 765 1338 Persius.
793 1303 868 1337 Cae·

229 1358 298 1406 teri
306 1366 425 1392 autem
433 1361 548 1403 poeta
559 1355 680 1390 Persio
694 1355 867 1389 vetustio-

230 1421 288 1445 res
313 1409 371 1445 vel
396 1409 569 1455 prooemio
591 1408 866 1450 abstinuerunt,

227 1462 288 1498 vel
302 1459 395 1496 illud
413 1461 457 1495 ab
480 1473 589 1507 opere
611 1460 771 1507 legitimo
791 1471 866 1493 non

229 1522 504 1561 separaverunt,
517 1521 558 1548 ut
572 1513 609 1546 in
622 1511 770 1546 Aeneid.
784 1512 870 1545 Vir-

229 1566 307 1615 gilii
319 1564 444 1601 videre
464 1574 528 1600 est.
548 1565 728 1599 Posterior
748 1573 868 1599 tamen

230 1619 313 1655 'atas
344 1619 517 1665 prooemia
553 1617 762 1666 hujusmodi
799 1617 870 1651 fre·

230 1671 430 1720 quentavit‚
440 1670 549 1706 modo
560 1684 679 1712 versu,
692 1670 801 1704 modo
813 1683 870 1704 so-

227 1725 307 1760 luta
320 1725 500 1766 oratione,
519 1733 562 1759 ut
577 1723 710 1757 Statius
723 1731 758 1758 et
773 1724 869 1757 Mar-

230 1779 322 1814 tialis
342 1803 355 1820 ,
377 1778 557 1812 Ausonius
590 1776 776 1811 interdum
793 1801 805 1818 ‚
832 1785 870 1811 et

227 1830 425 1878 presertim
460 1829 677 1864 Claudianus
716 1829 868 1874 elegiaco
903 1870 907 1871 ⁷

229 1895 370 1929 semper
390 1882 558 1916 oermine.
584 1881 727 1928 Duplex
748 1889 869 1914 autem

229 1929 340 1983 liujus
354 1935 520 1969 oerminis
536 1942 787 1980 argumentum
797 1958 809 1975 ‚
821 1933 868 1966 si·

230 1989 308 2023 euti
326 1987 486 2036 ejusdem
502 1986 664 2033 duplices
686 1995 772 2020 sunt
788 1998 870 2033 par-

231 2050 305 2084 tes,
318 2053 488 2076 versuum
500 2040 610 2075 ambae
621 2048 866 2086 septenorum.

229 2093 342 2128 Primi
355 2101 493 2140 septem
506 2104 630 2126 versus
645 2092 796 2126 mixtum
809 2093 870 2125 ha-

157 2148 165 2150 *
229 2146 319 2181 hent
337 2153 589 2193 argumentum
610 2157 619 2178 ε
641 2144 687 2178 de
710 2157 747 2178 se
773 2145 868 2178 euim

230 2203 338 2246 poeta
362 2199 604 2246 προηγουμένως
614 2222 623 2235 ,
647 2198 763 2232 obiter
782 2210 869 2231 vero

230 2250 277 2286 dc
301 2250 495 2298 equalibus
522 2250 590 2283 sibi
613 2251 730 2296 poetis
742 2275 754 2291 ‚
779 2262 870 2296 quos

230 2302 408 2339 traducit:
421 2303 634 2350 posteriores
647 2312 783 2349 septen·
795 2315 869 2336 me·

230 2368 307 2390 ram
322 2356 508 2390 continent
519 2355 672 2388 aliorum
680 2359 870 2401 poetarum

233 2407 444 2443 irrisionem.
454 2410 669 2441 casaubonus.
681 2407 870 2452 Pei-peram

230 2460 448 2508 igiturhunc
458 2461 647 2507 prologum
657 2461 804 2507 aenigma
811 2473 870 2494 vo-

233 2511 290 2548 tat
299 2513 337 2547 J.
344 2513 525 2555 Bondius;
537 2516 620 2546 cum
633 2514 678 2548 sit
689 2538 701 2555 ,
715 2523 756 2547 ut
767 2514 870 2548 satira

232 2565 463 2618 primafjoeis
477 2566 678 2613 salibusque
694 2567 846 2600 refertus
858 2577 883 2609 5*

236 2615 335 2661 quod
351 2617 389 2651 in
405 2630 627 2665 unoquoque
639 2631 743 2655 versu
758 2619 872 2654 inter·

237 2667 412 2714 pretaudo
426 2669 622 2707 videbitur.
644 2672 689 2706 A.

971 1210 1003 1232 1.
1022 1200 1091 1231 Nec
1097 1199 1196 1242 jimte
1211 1201 1306 1232 labra
1316 1202 1431 1243 prolui
1443 1204 1557 1235 cabal-

918 1251 1016 1296 lina]
1037 1250 1107 1284 Sua
1124 1251 1174 1284 sic
1192 1260 1360 1287 extenuat
1371 1278 1382 1294 ,
1396 1262 1437 1287 ut
1451 1254 1559 1289 simul

919 1302 1129 1349 ineptorum
1141 1303 1329 1337 hominum
1337 1330 1347 1345 ‚
1355 1305 1560 1351 plerorum-

920 1367 993 1401 que
1006 1356 1111 1389 etiam
1125 1356 1368 1390 Romanorum
1380 1382 1391 1399 ‚
1406 1359 1538 1404 quibus
1547 1384 1559 1399 ‚

915 1408 988 1454 jam
1000 1407 1087 1442 inde
1099 1408 1142 1441 ab
1152 1410 1303 1455 Augusti
1316 1411 1538 1456 temporibus
1548 1437 1560 1452 ‚

918 1459 1090 1506 poetandi
1101 1459 1274 1501 studium,
1282 1462 1460 1496 familiaris
1469 1476 1564 1498 mor·

919 1512 1011 1553 bus,
1033 1513 1216 1547 cacoethes
1240 1514 1310 1547 suit
1322 1538 1334 1555 ,
1351 1514 1466 1548 obiter
1491 1516 1561 1549 fas-

921 1574 999 1599 tum
1011 1565 1196 1607 retundat,
1205 1575 1242 1601 et
1254 1567 1389 1601 urbane
1399 1569 1558 1615 castiget.

921 1621 1050 1651 -Νεσ,
1060 1644 1068 1652 .
1080 1645 1087 1652 .
1099 1645 1107 1652 .
1126 1622 1219 1652 labra
1237 1622 1361 1663 prolui.
1381 1621 1458 1654 Jam
1471 1647 1482 1662 ‚
1500 1622 1559 1655 in-

924 1671 1003 1718 quit
1012 1696 1023 1712 ,
1035 1671 1155 1705 satiras
1170 1672 1387 1717 scripturus,
1398 1674 1461 1707 vix
1470 1667 1561 1708 duni

920 1724 1016 1758 labra
1035 1723 1178 1758 admovi
1191 1724 1341 1770 Pegaseo
1362 1726 1455 1759 fonti
1466 1751 1478 1768 ,
1495 1739 1561 1760 ne-

921 1775 1010 1815 dum
1031 1776 1205 1811 immersis
1225 1777 1332 1811 labris
1354 1778 1399 1812 ad
1421 1779 1562 1813 satieta-

920 1829 1195 1863 tem-hauserim.
1208 1829 1278 1863 Eos
1289 1829 1416 1865 irridet
1430 1833 1494 1878 qui
1507 1833 1561 1866 vi-

921 1880 1171 1916 derivolebant
1181 1890 1300 1916 totum
1309 1883 1412 1917 illum
1422 1884 1561 1919 fontem

918 1934 1091 1976 hausisse,
1104 1942 1141 1968 et
1156 1935 1301 1969 fortasse
1317 1937 1485 1982 privatim
1501 1938 1563 1972 ali-

921 1998 1029 2032 quem
1044 1987 1156 2033 tangit
1166 2011 1179 2026 ‚
1194 1988 1258 2034 qui
1273 1987 1341 2021 tale
1354 1988 1445 2034 quid
1462 1989 1509 2023 de
1524 1988 1561 2023 se

919 2040 1141 2087 νεανικώτερον
1155 2065 1167 2084 ‚
1191 2041 1310 2075 saeculi
1335 2042 1433 2076 vitio¹
1452 2055 1538 2077 usus
1550 2070 1561 2085 ‚

894 2128 904 2134 ,
918 2094 1291 2139 jactaverat.—Fonte.
1306 2119 1315 2126 .
1327 2119 1363 2134 ,4.
1382 2097 1558 2127 caballino.

919 2145 1109 2179 Summum
1119 2145 1224 2179 etiam
1233 2146 1308 2179 haec
1316 2159 1385 2180 vox
1394 2147 1561 2180 aculeum

918 2198 1038 2232 habet.
1052 2197 1195 2232 Poterat
1207 2199 1303 2232 enim
1319 2199 1389 2232 sic:
1404 2200 1564 2241 nec-sonte

920 2252 1038 2294 equino
1055 2253 1149 2283 labra
1165 2253 1327 2284 mersimus
1340 2261 1447 2284 nostra
1458 2265 1471 2288 ;
1487 2264 1562 2284 ma-

920 2303 990 2337 luit
1006 2313 1124 2337 autem
1142 2306 1325 2342 caballino,
1343 2303 1443 2349 quod
1463 2303 1563 2338 istud

920 2368 1052 2390 nomen
1072 2357 1295 2390 inhonestius
1311 2357 1375 2394 sit,
1392 2365 1427 2390 et
1442 2369 1480 2390 ea
1493 2369 1564 2392 vox

921 2410 1169 2443 contemnenti
1192 2418 1227 2442 et
1250 2409 1480 2443 subsannanti
1498 2422 1562 2456 ap-

921 2463 1005 2496 tior.
1029 2461 1204 2500 Kassowmc
1230 2462 1327 2495 enim
1350 2461 1505 2505 Graecis,
1525 2471 1564 2498 et

920 2513 1056 2546 Latinis
1064 2515 1305 2550 caballus,non
1318 2513 1438 2559 quivis
1445 2526 1561 2561 equus

923 2565 1057 2599 dicitur
1070 2589 1081 2606 ,
1102 2564 1165 2598 sed
1186 2566 1392 2612 jumentum
1417 2565 1562 2602 dossua-

922 2619 1018 2652 rium
1026 2643 1037 2658 ‚
1046 2620 1234 2664 τσ).α.εργο’ν.
1243 2619 1300 2653 Sic
1308 2619 1456 2662 Seneca,
1468 2622 1562 2667 epis-

926 2670 997 2706 tola
1016 2670 1226 2706 LXXXVII
1244 2683 1253 2704 :
1273 2674 1303 2704 Ο
1318 2682 1475 2715 quantum
1491 2683 1566 2707 erac

1305 2744 1326 2772 1
