1846 3184
276 296 356 350 168

628 298 683 340 A.
719 272 966 341 PERsII
1006 294 1261 340 FLAcel

335 380 544 424 Producis
563 377 719 422 Genio.
744 380 855 422 Solis
875 380 1089 423 natalibus
1101 413 1113 434 ‚
1133 391 1196 423 est
1212 381 1287 438 qui

335 459 494 517 Tingat
510 458 606 500 olus
626 458 788 499 siceum
807 458 948 499 muria
965 457 1083 499 vafer
1101 458 1146 498 in
1162 457 1292 498 calice
1309 456 1452 514 empta
1466 487 1478 509 ‚
1587 473 1631 495 πο

336 535 434 593 Ipse
449 549 619 576 sacrum
636 533 826 574 irrorans
844 533 999 591 patinae
1018 534 1166 591 piper3
1186 533 1257 574 hic
1274 533 1388 574 bona
1405 531 1535 573 dente

335 611 525 655 Grandia
542 610 842 669 magnanimus
861 610 1027 669 peragit
1043 624 1165 668 puer.
1186 610 1295 652 Utar
1312 624 1413 668 ego,
1435 614 1533 650 utar
1548 638 1560 661 ‚

279 741 345 775 etsi
379 753 473 775 unus
504 738 675 785 idemque
706 750 742 772 es
772 737 930 784 gemellis

279 795 450 829 fratribus
460 819 470 834 ‚
484 798 603 827 tamen
618 789 788 838 producis
803 803 862 824 eos
876 789 932 824 di·

281 860 383 883 verso
413 846 571 892 ingenio.
592 866 638 870 —
659 848 848 887 Horoscope.
870 845 935 877 As-

283 910 383 934 trum
404 899 542 932 natale:
559 896 661 944 quod
681 897 850 930 omnihus
871 908 936 930 no-

285 963 379 986 tum.
392 973 438 978 —
453 955 552 984 Varo.
586 950 631 984 Id
662 959 717 984 est
731 975 741 991 ‚
768 950 867 984 vario
898 962 937 983 ac

286 1005 462 1039 dissimili.
475 1004 563 1038 vid.
578 1013 643 1038 sat.
660 1004 770 1043 1V‚v.
791 1003 938 1037 12.Non

287 1059 422 1094 similes
442 1059 548 1092 fuisse
567 1058 673 1091 etiam
692 1057 850 1103 gemellis
870 1057 939 1089 fra-

288 1113 406 1146 tribus
417 1136 428 1153 ‚
443 1111 565 1144 multo·
580 1110 698 1143 minus
716 1109 792 1143 aliis
805 1134 814 1150 ‚
831 1108 941 1142 animi

289 1166 462 1205 affectus,
485 1164 540 1198 id
557 1163 792 1197 confirmatur
818 1161 942 1195 multis

291 1219 482 1265 exemplis,
505 1216 703 1264 praesertim
733 1215 886 1268 Castoris
909 1222 945 1248 et

291 1272 447 1306 Pollucis
464 1271 611 1315 (Horat.
634 1270 698 1302 lib.
719 1269 778 1309 ΙΙ,
792 1277 857 1301 sat.
877 1280 889 1301 1
897 1269 942 1311 .)‚

294 1335 330 1360 et
345 1324 534 1358 Commodi
550 1331 658 1369 atque
672 1322 871 1363 Antonini,
891 1321 944 1354 M.

293 1378 413 1412 Aurel.
420 1376 594 1415 Antonini
602 1375 827 1421 geminorum
835 1384 950 1407 exem-

294 1433 359 1479 plo
373 1457 383 1474 ,
403 1432 441 1464 in
466 1442 624 1478 quorum
648 1429 718 1462 vita
743 1427 794 1461 nil
815 1428 885 1461 fuit
904 1427 949 1460 si-

297 1484 383 1518 mile
395 1510 403 1525 ‚
419 1484 486 1518 etsi
503 1495 605 1529 pares
622 1483 698 1515 sore
715 1494 760 1514 ex
773 1489 951 1513 astrorum

298 1550 409 1572 cursu
423 1536 683 1584 promittebant
696 1533 952 1575 mathematici,

302 1602 346 1627 ut
364 1592 497 1626 scribit
509 1589 695 1636 Lamprid.
718 1590 761 1622 A.

354 1658 410 1690 19.
433 1646 513 1677 Solis
531 1645 719 1686 natalibus]
736 1641 792 1675 Ex
811 1640 954 1675 duobus

303 1698 483 1745 gemellis‘,
502 1697 590 1731 alter
605 1695 695 1729 adeo
711 1706 842 1741 parcus
855 1702 890 1727 et
905 1702 956 1728 te-

305 1765 377 1786 nax
395 1752 486 1793 erit,
506 1759 547 1784 ut
566 1762 611 1784 ne
629 1749 790 1783 natalitio
808 1746 956 1794 quidem

307 1804 366 1838 die
380 1805 448 1837 sibi
463 1804 656 1850 quicquam
671 1800 903 1847 ‘indulgebit-3
922 1808 958 1833 et

307 1859 369 1892 vix
395 1858 508 1903 tinget
525 1882 536 1898 ‚
561 1865 628 1890 etc.
660 1857 712 1889 De
740 1855 799 1888 die
827 1853 958 1895 natali,

308 1911 383 1945 vid.
406 1910 535 1957 passim
566 1908 662 1955 apud
690 1907 902 1941 Juvenalem
925 1915 961 1940 et

312 1964 474 1998 Persium
488 1989 497 2003 ‚
517 1971 551 1996 et
566 1963 665 1995 Alex.
682 1962 725 1995 ab
740 1962 840 1994 Alex.
863 1962 907 1993 A.

364 2029 416 2051 20.
439 2019 555 2060 Tingat
573 2017 660 2054 olus,
681 2015 757 2059 etan]
780 2015 893 2047 Mirus
911 2021 963 2046 est

312 2072 350 2105 in
361 2072 427 2105 hac
442 2069 565 2116 phrasi
577 2068 772 2102 verborum
783 2066 943 2100 delectus
953 2091 963 2106 ‚

315 2123 361 2159 ad
375 2122 573 2170 augendam
589 2122 662 2156 vim
684 2121 862 2154 satiricam
875 2144 884 2160 ‚
899 2132 966 2165 po-

315 2178 497 2213 tissimum
507 2177 640 2211 valens.
653 2175 774 2208 Primo
783 2199 793 2215 ‚
805 2185 879 2206 non
892 2173 967 2205 ins-

317 2231 435 2278 pergit
445 2230 524 2263 olus
534 2255 544 2272 ,
556 2228 619 2263 sed
631 2228 736 2274 tingit
745 2227 892 2267 leviter,
906 2226 969 2258 im-

318 2285 402 2318 buit
416 2297 425 2327 ;
442 2284 497 2325 2⁰,
516 2282 662 2317 adverte
673 2284 742 2314 olus
756 2282 892 2319 sicema,
907 2290 969 2312 vc·-

319 2339 529 2384 tustatejam
540 2335 718 2369 insulsum
726 2342 761 2367 et
768 2331 971 2374 rancidum;

323 2392 379 2434 3⁰,
390 2404 462 2425 non
479 2390 558 2424 oleo
570 2414 579 2430 ‚
592 2389 713 2423 aliisve
732 2385 971 2425 condimentis

322 2445 540 2481 lautioribus
552 2470 563 2486 ‚
580 2442 641 2477 sed
661 2442 788 2480 muria,
806 2439 973 2487 liquami-

324 2500 380 2533 nis
414 2510 545 2545 genere
576 2495 746 2531 vilissimo
765 2519 775 2537 ‚
806 2506 848 2528 ex
878 2492 974 2526 sanie

327 2553 556 2585 thunnorum
570 2551 737 2585 consecto
749 2573 760 2590 ‚
776 2548 835 2582 vel
855 2546 977 2593 potius

329 2608 422 2651 aqua
445 2604 555 2647 salsa,
575 2603 612 2638 in
641 2615 713 2650 qua
739 2599 878 2649 aliquid
903 2611 976 2635 ser·

982 745 1107 772 vatum
1122 738 1191 771 suit
1206 745 1269 771 aut
1283 745 1498 772 maceratum
1514 749 1522 770 ε
1539 744 1573 770 et
1587 744 1636 769 ta-

985 804 1069 825 men
1079 791 1140 825 ille
1152 792 1264 835 vafer,
1276 786 1425 824 callidus
1439 790 1476 823 in
1490 789 1638 823 avaritia

987 856 1050 877 sua
1061 869 1071 886 ,
1087 845 1243 878 muriam
1261 856 1336 877 non
1350 843 1419 876 nisi
1441 844 1480 877 in
1493 842 1637 877 vasculo

990 896 1122 930 coemit
1141 897 1176 930 et
1192 905 1392 942 comparat,
1413 895 1511 930 unde
1529 904 1564 930 et
1583 895 1639 928 in-

992 951 1102 984 tincta
1112 950 1208 983 olera
1219 950 1310 984 sicca
1320 946 1506 984 remanent
1515 949 1640 984 saltem

993 1012 1093 1050 parte
1112 1003 1167 1037 sui
1186 1003 1351 1037 maxima.
1369 1003 1412 1036 A.

1045 1085 1098 1106 21.
1117 1075 1187 1116 Ipse
1201 1084 1329 1114 sacrum
1342 1072 1460 1115 piper,
1478 1064 1558 1115 etan]
1574 1070 1643 1104 Ea-

996 1125 1078 1160 dem
1104 1123 1299 1172 descriptio
1326 1124 1422 1174 avari
1446 1123 1647 1171 emphatica

996 1178 1228 1226 producitur.
1240 1182 1321 1222 lpse,
1335 1190 1410 1212 non
1419 1188 1648 1224 coquuS‚nec

998 1245 1118 1266 servus
1133 1231 1369 1265 mediastinus
1379 1256 1390 1272 ‚
1404 1231 1458 1264 vel
1472 1229 1538 1263 alia
1552 1242 1650 1276 quae-

999 1287 1052 1319 vis
1068 1284 1262 1319 diobolaris
1275 1283 1403 1318 ancilla
1415 1309 1426 1326 ‚
1440 1285 1582 1323 irrorat,
1598 1283 1654 1316 in-

1002 1337 1124 1373 fundit
1149 1350 1255 1384 parce
1280 1346 1316 1371 et
1341 1336 1532 1384 guttatim,
1553 1334 1653 1370 unde

1003 1402 1038 1427 et
1061 1402 1170 1437 guttas
1196 1400 1249 1425 est
1274 1391 1476 1437 appellatus
1491 1415 1502 1432 ‚
1525 1403 1654 1423 sacrum

998 1448 1113 1490 piper,
1129 1444 1189 1478 cui
1204 1453 1375 1490 tanquam
1390 1444 1442 1478 rei
1457 1455 1560 1477 sacrae
1573 1455 1656 1489 par·

1005 1498 1066 1531 cit.
1082 1495 1216 1531 Confer
1228 1497 1321 1531 hanc
1335 1497 1430 1530 avari
1444 1495 1657 1542 descriptio-

1006 1564 1090 1585 nem
1118 1563 1202 1584 cum
1227 1549 1445 1597 praecedenti
1461 1574 1471 1591 ‚
1494 1557 1559 1583 sat.
1588 1548 1657 1589 IV,

1007 1617 1044 1640 v.
1061 1604 1102 1638 25
1115 1613 1151 1638 et
1160 1616 1258 1650 seqq.
1251 1601 1368 1636 .-.Ηι”ο
1381 1605 1466 1635 bona
1477 1604 1584 1640 dente,
1598 1610 1656 1633 etc.

1007 1657 1108 1693 Alter
1133 1666 1255 1691 autem
1280 1653 1509 1706 geminorum
1531 1651 1659 1700 prodi-

1010 1724 1096 1758 guS‚
1117 1723 1203 1757 opes
1229 1709 1397 1756 abligurit
1423 1717 1459 1742 et
1487 1704 1662 1754 dilapidat

1010 1766 1049 1799 in
1073 1764 1248 1798 conviviis
1274 1772 1310 1797 et
1336 1762 1375 1796 in
1401 1761 1505 1794 luxu.
1531 1760 1661 1794 Exem-

1011 1819 1115 1866 plum
1142 1816 1287 1864 prodigi
1312 1814 1534 1850 contrarium
1557 1823 1665 1860 supe-
1690 1847 1695 1851 ,

1013 1873 1115 1906 riori.
1137 1871 1176 1904 C.

1065 1950 1121 1972 ⁶22.
1149 1937 1439 1980 Illagnanimus....
1459 1934 1573 1977 paen]
1591 1930 1665 1973 Qui

1016 1989 1317 2036 magnificentiam
1339 1979 1471 2025 veram(
1484 1984 1664 2031 magnitu-

1018 2042 1141 2090 dinem
1154 2054 1228 2075 esse
1242 2041 1589 2074 existiman—Puer.
1600 2036 1668 2070 Hic

1017 2108 1086 2142 pro
1110 2095 1221 2129 stulto
1234 2120 1245 2135 ‚
1265 2107 1341 2128 non
1365 2101 1466 2127 aetate
1479 2117 1489 2132 ‚
1510 2090 1573 2126 sed
1591 2101 1685 2132 mo-¹

1019 2149 1120 2183 ribus
1137 2161 1144 2180 :
1160 2148 1252 2194 quia
1263 2172 1273 2189 ‚
1289 2155 1329 2181 ut
1343 2146 1393 2179 ait
1410 2144 1669 2191 philosophus,

1020 2201 1166 2248 διαφέρει
1189 2198 1281 2235 οὐδὲν
1306 2201 1374 2238 νέος
1402 2200 1458 2235 τὴν
1482 2195 1628 2237 *illudo-v,
1649 2196 1670 2232 ἢ

1022 2257 1059 2290 τὲ
1072 2253 1143 2294 ἦθος
1155 2255 1278 2300 νεαρός.
1289 2252 1481 2296 -Ρεναὲιᾉ
1494 2248 1672 2283 Absumit.

1025 2307 1148 2341 Horat.
1165 2307 1315 2350 stringit:

1024 2377 1200 2407 Praeclaram
1222 2374 1340 2415 ingrata
1363 2373 1486 2413 stringit
1506 2371 1604 2402 malus
1625 2372 1675 2400 in—

1107 2423 1209 2464 gluvie
1221 2433 1283 2452 rem
1296 2434 1304 2457 ;

1030 2497 1065 2524 et
1078 2488 1182 2530 alibi,
1197 2488 1342 2520 oblimat.
1351 2506 1398 2511 -
1410 2488 1490 2517 Utar
1502 2497 1558 2528 ego
1565 2508 1576 2523 ,
1593 2492 1678 2517 utar.

1031 2541 1157 2590 Inquit
1167 2539 1310 2574 Persius
1324 2546 1403 2572 utar
1413 2562 1424 2579 ‚
1437 2536 1498 2571 sed
1509 2549 1583 2570 non
1592 2535 1680 2571 abu-

1030 2605 1107 2640 tar,
1121 2603 1163 2630 ut
1175 2592 1317 2643 prodigi
1334 2591 1481 2626 faciunt.
1499 2590 1537 2624 C.
