1846 3184
435 275 868 333 Exf'rNcE‘l't'ro‘
886 278 1097 333 sum.
1130 280 1350 335 Llnno.
1485 309 1571 353 229

271 373 391 413 Funis
406 373 511 411 enim
528 372 703 424 praecisu'
722 373 801 411 cito
812 401 824 419 ,
841 380 962 424 atque
979 373 1151 424 anquina
1169 373 1297 411 soluta
1315 382 1400 413 ests

323 445 326 447 “
846 439 887 475 Χ
898 439 931 475 1.

274 502 383 540 Hanc
401 495 647 553 oetapiratem
666 516 765 554 puer
782 501 922 541 eodem
940 501 1088 539 deferat
1099 531 1111 548 ,
1127 512 1299 549 uncum,

274 565 431 604 Plumbi
449 566 638 618 paxillum
652 567 774 605 rodus
789 596 801 614 ‚
817 566 968 618 linique
986 575 1191 605 metaxam.

828 634 868 670 X
881 633 900 668 Ῑ
916 633 949 668 I.

275 696 396 743 Queis
414 695 521 734 hunc
540 709 694 735 currere
712 710 861 749 equum
875 709 949 734 nos
965 704 1083 748 atque
1102 697 1275 748 equitare
1289 697 1493 747 videmus3

274 761 346 799 His
363 762 512 812 equitat
524 791 535 808 ‚
556 762 755 814 curritque
771 777 780 799 :
801 762 926 800 oculis
942 762 1116 814 equitare
1131 762 1333 801 videmus:

274 827 378 878 Ergo
396 827 523 865 oculis
540 828 699 878 equitat.

541 925 545 928 .
832 882 871 918 x
882 883 902 918 1
914 883 933 918 1
944 882 975 917 1.

276 944 477 982 Pistricem
492 943 660 981 validam
679 945 711 982 si
729 945 882 983 nummi
902 946 1209 997 suppeditabunt
1224 975 1235 993 ‚

279 1009 413 1046 Addas
431 1008 662 1060 empleuron
673 1037 684 1056 ‚
703 1009 950 1060 mamphulas
965 1023 1054 1062 quae
1069 1011 1163 1049 sciat
1181 1025 1329 1051 omnes.

833 1077 874 1113 X
885 1077 904 1112 1
913 1077 960 1112 V.

279 1137 328 1175 Et
342 1137 450 1175 velut
464 1138 506 1175 in
522 1138 708 1176 fabricam
726 1134 982 1177 fex-vend‘cfim
1001 1140 1190 1178 max-culn·
1208 1140 1356 1179 ferrum

279 1202 499 1240 Multorum
519 1204 667 1255 magnis
684 1203 937 1242 tuditantium
952 1205 1087 1242 ictibu'
1104 1205 1246 1243 tundit.

846 1271 885 1307 X
898 1271 946 1307 V.

281 1331 455 1378 Quidni?
472 1332 520 1368 Et
538 1340 665 1369 scruta
683 1311 908 1383 quidem-ut
924 1334 1067 1372 vendat
1084 1333 1286 1372 scrutariu’
1299 1333 1455 1382 laudat,

280 1397 522 1434 Praeti-actam
542 1397 727 1448 strigilem
740 1425 751 1443 ,
771 1397 917 1436 soleam
935 1399 1132 1450 improbu’
1147 1399 1403 1439 dimidiatam.

837 1465 878 1500 X
885 1465 920 1499 V
929 1465 961 1501 I.

279 1529 434 1566 Aurum
452 1535 569 1578 atque
586 1527 748 1565 ambitio
766 1527 963 1579 specimen
977 1528 1130 1568 virtutis
1145 1529 1302 1579 utrique
1321 1537 1379 1566 est
1391 1543 1405 1566 τ

280 1594 481 1639 Quantum
499 1591 640 1629 habeas
651 1622 663 1640 ,
677 1593 774 1630 tanti
794 1593 877 1643 ipse
897 1593 970 1630 sies
981 1622 991 1639 ‚
1013 1594 1188 1643 tantique
1203 1593 1392 1631 habearis.

695 1658 839 1694 XVII
863 1665 902 1694 et
927 1658 1070 1718 XVII
1086 1659 1117 1693 I.

283 1723 385 1758 Ante
404 1721 506 1758 fores
517 1729 654 1761 autem
668 1750 679 1767 ‚
700 1729 739 1758 et
758 1719 902 1757 triclini
920 1720 1054 1757 limina
1072 1721 1235 1771 quidam

283 1785 452 1822 Perditu'
468 1785 613 1822 Tiresia
630 1785 725 1821 tussi
743 1784 961 1835 grandaevu’
980 1785 1170 1835 gemebat.

557 1879 575 1900 ,
834 1851 874 1886 x
885 1850 904 1886 1
918 1851 970 1887 x.

283 1915 510 1964 Querquera
529 1915 781 1964 consequitur
797 1914 916 1952 febris
929 1942 941 1959 ‚
958 1915 1173 1966 capitisque
1188 1914 1345 1954 dolores
1355 1945 1368 1964 ‚
1418 1956 1426 1963 l

283 1978 418 2015 Infesti
435 1978 532 2015 mihi
544 2007 555 2025 ,
574 1986 759 2030 tanquam
776 1978 935 2017 Rondes
953 1980 1206 2031 Icadionque.

851 2046 891 2081 X
901 2046 951 2081 X.

283 2108 387 2144 ‘rum
407 2107 567 2146 laterali'
586 2107 701 2146 dolor
718 2095 946 2147 cdff‘t'issimu’
963 2110 1118 2148 nuntiu’
1137 2110 1287 2148 mortis.

281 2232 296 2251 ι
306 2231 335 2251 1.
356 2220 523 2259 Isidorus,
539 2220 631 2264 Orig.
648 2222 749 2259 ΧΠ,
766 2227 797 2258 4.
817 2222 879 2253 Ca-
981 2228 1036 2258 14.
1049 2221 1168 2253 Isidor.
1179 2220 1360 2257 Marculus,
1370 2219 1507 2252 malleus
1515 2232 1579 2264 pu-

230 2273 401 2315 tapimtes,
414 2273 502 2304 linea
515 2285 593 2305 cum
605 2285 710 2306 massa
720 2274 878 2316 plumbea
931 2275 1035 2306 sinus.

230 2325 296 2367 qua
308 2327 407 2357 maris
420 2327 561 2358 altitudo
575 2335 729 2358 tentatur.
982 2340 995 2358 1
1004 2330 1036 2359 5.
1052 2329 1094 2359 A.
1111 2327 1256 2364 Gellius,
1269 2327 1328 2357 lib.
1346 2329 1395 2358 111
1406 2350 1415 2365 ,
1430 2339 1501 2370 cap.
1520 2335 1578 2366 ¹4·

280 2381 629 2419 12.A.Geuius‚Noct.
637 2381 878 2418 Att.xvn1‚6.
982 2383 1034 2412 16.
1047 2384 1121 2412 vet.
1134 2380 1240 2412 schol.
1254 2380 1292 2410 in
1306 2383 1426 2412 Juven.
1438 2390 1499 2413 sat.
1515 2384 1548 2414 3.

282 2433 334 2463 13.
346 2436 475 2465 Festus:
486 2435 682 2475 Mamplmla
694 2435 877 2476 appellatur
981 2445 994 2464 1
1003 2445 1019 2473 7
1041 2440 1075 2464 et
1097 2445 1110 2463 1
1118 2434 1152 2463 8.
1171 2435 1339 2471 Donatus,
1351 2435 1437 2464 Eun.
1455 2442 1522 2466 act.
1537 2437 1584 2467 Π.

233 2484 329 2525 panis
349 2487 470 2527 Syriaci
491 2499 595 2530 genus
604 2510 614 2524 ‚
635 2487 727 2528 quod
736 2509 746 2524 ,
771 2493 809 2517 ut
833 2487 878 2516 ait
982 2498 995 2517 1
1003 2497 1035 2527 9.
1055 2489 1189 2516 Festus:
1208 2486 1579 2529 Querqueramfi’brem,

235 2536 391 2574 Verrius,
403 2540 439 2569 in
448 2538 598 2577 clibano,
610 2547 685 2570 ante
694 2538 793 2580 quam
802 2550 877 2580 per·
930 2551 1061 2582 gravem
1082 2546 1115 2570 et
1138 2550 1350 2582 magnam—
1357 2541 1482 2572 novades
1503 2542 1581 2573 Ica-

235 2596 415 2629 coquatur,
432 2592 554 2624 decidit
574 2595 610 2624 in
632 2593 810 2630 carbones,
829 2593 879 2623 ci·
933 2593 1084 2634 dionque.
1098 2592 1242 2632 quiua
1258 2593 1513 2626 saevissimormn
1527 2595 1581 2637 pi-

232 2646 672 2688 neremque.—Emp1eur0n.
681 2639 881 2692 Εμπλευρον,
934 2653 1091 2677 ratarum.

235 2695 377 2728 validam
388 2719 398 2736 ,
412 2697 510 2731 latera
526 2699 625 2742 plena
640 2701 829 2732 habentem.
983 2708 1037 2741 20.
1054 2698 1223 2731 Maximus
1236 2698 1444 2731 Victorinus.
