1846 3184
0 1264 21 1471 ussaw—”³⁴⁴-
0 1211 13 1241 ⁴»

0 1771 19 1790 ι’
0 1727 21 1764 13¹<
0 1560 21 1717 amm-sanas
7 1479 22 1524 ,η

0 1924 2 1931 ⁷
7 1860 18 1907 —oz
8 1796 22 1838 ἐν·

0 271 3 281 ,

0 332 5 354 2

0 374 6 393 .=»

0 540 9 590 ᾗ

0 623 13 669 ξ

605 268 996 336 QENTONES.
1433 271 1518 328 319

795 353 832 387 V
844 352 878 388 1.

226 418 263 454 N
263 429 340 454 unc
358 429 449 454 vero
462 429 487 454 a
503 429 617 454 mane
633 414 684 453 ad
698 422 855 453 noctem
865 443 878 462 ‚
889 413 994 452 «festo
1010 421 1128 465 atque
1145 414 1318 464 profesto
1332 443 1343 460 ‚

222 481 322 518 Toto
339 479 475 518 itidem
492 479 712 531 pariterque
729 478 793 516 die
806 507 818 525 ,
835 478 1089 530 populusque
1107 485 1313 530 patresque

223 546 372 582 Jactare
386 544 483 582 indu
495 544 583 582 foro
601 556 642 582 se
659 556 797 582 omnes
808 571 821 589 ,
839 542 1028 581 decedere
1045 555 1239 594 nusquam
1254 557 1265 580 ε

225 609 303 646 Uni
317 622 378 655 se,
393 617 510 660 atque
524 609 653 647 eidem
669 608 801 646 studio
818 621 956 646 omnes
969 607 1113 646 dedere
1128 615 1168 645 et
1181 608 1274 653 arti,

222 673 350 710 Verba
363 672 454 710 dare
470 681 517 710 ut
534 681 646 710 caute
662 673 811 724 possint
822 701 834 717 ‚
852 685 1024 723 pugnare
1043 671 1207 718 dolose;

226 736 417 774 munditia
434 745 580 775 certare
594 766 606 783 ‚
622 737 774 775 bonum
792 736 975 774 simulare
990 737 1117 774 virum
1133 749 1174 774 se
1190 751 1202 783 ;

224 800 386 838 Insidias
404 801 529 839 facere
539 830 550 847 ‚
569 810 614 839 ut
631 802 663 839 si
680 802 809 839 hostes
825 801 902 838 sint
919 801 1103 839 omnibus
1118 814 1267 839 omnes.

223 864 410 903 sublatus
426 866 557 917 pudor
575 866 714 912 omni’‚
731 865 886 903 licentia
897 893 909 911 ,
928 866 1035 903 senu’
1052 866 1219 904 refertur
1232 880 1243 902 :

222 931 346 967 Nemo
362 931 426 967 hic
442 930 628 968 vindicias
638 959 650 976 ,
670 943 817 967 numen
827 959 840 977 ,
855 943 986 981 neque
1001 943 1106 968 sacra
1120 939 1297 968 veretur:

223 994 430 1044 Tapullam
447 994 575 1032 rident
592 994 719 1046 legem
738 1008 933 1046 congerrae
952 994 1086 1046 Opimi
1102 1009 1111 1031 ε

223 1058 333 1095 Idola
345 1087 357 1105 ‚
374 1066 491 1109 atque
508 1066 660 1096 atomos
678 1059 837 1110 Epicuri
855 1059 1013 1102 credere
1034 1059 1185 1096 malunt
1198 1088 1210 1105 ‚

221 1124 311 1160 Non
326 1122 444 1178 epulo
462 1123 651 1161 Divorum
668 1123 841 1174 aliquem
851 1151 862 1169 ,
876 1131 1006 1175 'neque
1022 1123 1182 1174 proflcie
1197 1123 1279 1160 ulla

222 1187 458 1238 Dignantes:
476 1186 568 1225 hinc
586 1200 627 1225 se
646 1201 805 1238 peccare
825 1188 986 1239 impune
1004 1189 1077 1225 rati
1093 1196 1186 1225 sunt

220 1251 336 1287 Posse
350 1278 362 1296 ,
380 1263 427 1288 ac
443 1250 646 1288 nobilitate
667 1251 772 1288 facul
791 1251 1009 1302 propellere
1027 1252 1196 1303 iniquos.

226 1315 275 1350 In
293 1326 375 1364 quo
396 1322 480 1351 toto
499 1314 617 1351 etiam
634 1314 733 1352 mihi
750 1314 850 1353 coelo
871 1317 1000 1352 errare
1013 1315 1196 1353 videntur
1211 1330 1220 1352 :

222 1379 400 1429 Namque
415 1378 553 1416 videtis
566 1407 577 1424 ,
595 1379 655 1416 uti
675 1379 820 1416 multos
838 1392 1070 1431 mensesque
1088 1379 1250 1431 diesque
1265 1409 1276 1426 ‚

222 1444 312 1480 Non
329 1451 457 1480 tamen
474 1451 625 1482 aetatem
642 1451 868 1494 tempestate
887 1443 962 1481 hac
980 1444 1160 1482 scelerosi

221 1509 419 1546 Laetentur
420 1535 1166 1546 .............................

783 1574 819 1608 V
829 1574 849 1609 1
863 1574 896 1609 I.

223 1637 322 1673 cuim
341 1644 471 1674 tecum
491 1644 571 1682 est,
590 1636 746 1687 quidvis
768 1636 859 1673 satis
879 1644 938 1673 est
952 1665 963 1682 ‚
982 1636 1102 1674 visuri
1121 1636 1238 1674 alieni

225 1700 311 1738 Sint
325 1699 503 1738 homines
514 1730 525 1746 ‚
544 1701 666 1751 spiras
677 1729 689 1746 ‚
707 1700 851 1751 pallam
862 1729 874 1746 ‚
890 1700 1121 1737 redimicula
1137 1701 1307 1751 promit3

222 1764 461 1815 Euplocamo
477 1765 619 1815 digitos
630 1793 641 1810 ‚
660 1764 1044 1815 discerniculumque
1061 1764 1218 1816 capillo.

224 1831 280 1866 Ut
291 1831 383 1866 cum
397 1830 470 1866 iter
488 1837 546 1866 est
562 1829 696 1880 aliquo
710 1857 722 1874 ‚
743 1837 782 1867 et
800 1842 975 1867 caussam
994 1839 1213 1868 commenta
1224 1831 1322 1876 viai,

223 1896 307 1931 Aut
321 1893 427 1944 apud
445 1893 644 1930 aurificem
656 1921 668 1938 ‚
686 1893 737 1931 ad
754 1902 918 1931 matrem
928 1923 940 1940 ‚
957 1902 1159 1946 cog-natam
1169 1923 1181 1941 ,
1197 1894 1249 1932 ad
1263 1895 1428 1933 amicam
1443 1910 1452 1931 ε

225 1960 308 1995 Aut
324 1957 567 2007 operandum
584 1957 718 2008 aliquo
741 1958 783 1995 in
804 1957 949 1996 celebri
967 1972 1060 1996 cum
1079 1959 1287 2010 aequalibu'
1306 1959 1413 1999 fano.

224 2022 328 2058 Tum
342 2034 434 2059 vero
451 2021 564 2060 ricini
580 2023 729 2068 aurati,
749 2030 788 2060 et
805 2023 903 2060 nitet
916 2035 1033 2061 aurea
1047 2024 1174 2061 mitra.

224 2086 318 2123 Haec
335 2086 572 2124 vestimentis
593 2087 800 2124 maculosis
819 2088 957 2138 aspicis
976 2088 1085 2139 ipse3

226 2150 346 2196 Quod
364 2150 542 2188 desormi’
562 2163 704 2198 senex,
723 2151 833 2202 quod
850 2151 1037 2203 pedidus,
1057 2165 1102 2189 ac
1120 2132 1385 2204 podagrosus

226 2214 346 2260 Quod
360 2228 542 2262 mancus,
558 2228 707 2261 macer,
722 2215 857 2262 exilis,
873 2229 965 2254 cum
982 2217 1124 2254 ramice
1140 2230 1293 2267 magno.

227 2278 269 2316 Si
282 2291 375 2316 vero
389 2279 459 2316 des
470 2307 482 2324 ‚
499 2280 610 2331 quod
625 2288 735 2331 rogat
746 2308 758 2325 ‚
777 2288 818 2317 et
836 2280 867 2317 si
886 2281 1050 2331 suggeri'
1066 2294 1238 2330 suppum
1252 2310 1263 2327 ‚

225 2345 366 2394 Magna
382 2356 508 2394 penus
524 2357 643 2395 parvo
661 2345 787 2395 spatio
805 2353 1036 2394 consumpta
1055 2344 1208 2394 peribit.

229 2407 369 2444 Omnia
386 2407 538 2445 viscatis
553 2408 733 2445 manibus
754 2408 878 2458 leget,
898 2408 1030 2444 omnia
1048 2415 1200 2453 sumet;

229 2469 351 2547 Crede
368 2471 486 2518 mihi,
505 2485 634 2523 presse
652 2472 801 2509 auferet
819 2472 949 2508 omnia
953 2499 1195 2508 ..........

767 2538 802 2571 V
812 2536 830 2572 I
842 2537 861 2571 1
873 2537 904 2571 1.

230 2596 333 2633 Huic
352 2595 499 2635 homini
514 2601 715 2646 Quaestore
733 2598 867 2649 aliquo
885 2606 943 2635 est
959 2611 1060 2650 opus
1070 2628 1081 2646 ,
1097 2607 1214 2650 atque
1230 2599 1396 2654 chorago
1406 2630 1420 2650 ,

231 2659 448 2698 Publicitus
465 2662 534 2712 qui
551 2662 607 2701 mi
620 2693 632 2712 ‚
650 2672 768 2716 atque
786 2676 807 2700 e
824 2663 918 2702 fisco
935 2663 1103 2714 praebeat
1116 2677 1271 2703 aurum.
