1846 3184
641 329 903 379 SATIRA
942 331 1051 380 ΙΙΙ.

1459 344 1513 387 81

189 415 193 418 ’
239 413 346 473 Quis
358 412 504 470 datiss,
519 427 592 459 aut
607 428 729 460 metae
743 421 872 475 quam
891 420 1032 465 mollis
1047 418 1180 462 flexus
1190 451 1203 472 ‚
1220 430 1262 462 et
1279 421 1416 476 u'nde3

184 534 287 579 ποίνᾳυ
313 533 494 580 πριςροφῆ.
519 535 585 577 De,
602 534 761 579 corporis
786 547 825 568 ac

185 593 321 619 natm
341 585 505 619 humnnae
532 585 718 630 fragilitate
742 598 824 620 vere

182 637 267 672 ista:
278 635 369 684 quid
378 635 554 679 dicemus,
564 638 592 672 si
606 637 826 684 depravatio-

183 696 268 723 nem
276 688 385 723 mimi
398 689 624 736 spectemus?
636 690 715 723 Hoc
724 703 823 724 nem·

181 758 230 794 pe
251 746 351 795 quod
375 747 651 794 Chrysostomus
665 770 676 787 ‚
696 750 819 782 Μάθω-

181 813 254 844 μιν,
263 799 326 842 nit,
338 799 421 838 τίνες
435 801 542 844 ἐσμὲν,
556 801 611 835 καὶ
623 802 712 847 ἀρκεῖ
724 805 820 836 τοῦτο

180 851 227 892 d<
237 854 525 899 ταπιινοφροσύνης
541 853 704 887 ὑπόθεσιν.
716 853 761 887 Et
773 854 821 887 ita

181 911 255 939 eut}
270 911 389 950 neque
400 903 479 937 fleri
492 912 629 950 potest,
646 913 686 938 ut
698 917 823 951 super-

180 955 262 997 hii,
281 955 339 990 vel
365 957 564 1002 arrogantia
586 966 720 991 tumeat
734 982 744 996 ‚
763 953 822 991 cui

181 1004 292 1043 fuerit
308 1007 502 1055 aliquando
519 1002 632 1049 curae.
646 1009 715 1043 hoc
730 1010 823 1043 serio

182 1058 358 1107 cogitare,
375 1072 431 1100 Qv
443 1072 456 1093 1
468 1072 493 1093 n
514 1073 671 1095 svmvs.
684 1061 827 1094 C.——Et

184 1115 340 1156 quidnam
351 1114 484 1145 victuri.
499 1113 581 1146 Haec
593 1113 696 1146 etiam
712 1125 825 1159 quaes-

183 1165 236 1199 tio
245 1165 399 1199 cohaeret
409 1177 492 1198 cum
501 1164 713 1210 praecedenti
724 1178 732 1198 :
743 1177 824 1199 nam

184 1213 250 1262 qui
263 1214 374 1253 nescit
384 1216 428 1250 ad
442 1229 550 1263 quem
563 1217 671 1251 finem
686 1226 823 1251 creatus

184 1276 231 1310 sit
241 1301 253 1318 ‚
270 1276 346 1322 ipse
368 1273 459 1322 quid
485 1276 529 1310 sit
555 1276 706 1322 ignorat.
729 1271 758 1311 ὁ
776 1278 821 1322 μὴ

184 1323 280 1367 ὲίδὼς
302 1329 379 1374 πρὸς
404 1329 420 1362 ὅ
442 1342 474 1362 τι
502 1329 658 1374 πέφυκεν,
678 1330 734 1363 οὐκ
759 1326 822 1362 οἶδὲ

171 1381 219 1420 .ὅς
241 1393 291 1420 τις
315 1378 390 1419 ἐςίν-
410 1378 463 1414 Μ.
487 1380 660 1415 Antonin.
683 1383 736 1414 De
753 1381 822 1415 hoc

185 1428 381 1478 permultas
411 1432 580 1466 habemus
609 1432 823 1479 sapientium

184 1492 350 1518 veterum
363 1492 400 1518 et
412 1481 594 1530 praeclaras
609 1484 822 1525 sententias;

186 1534 248 1569 alii
270 1533 452 1570 hominem
477 1545 602 1578 natum
629 1535 756 1570 dicunt
779 1532 823 1569 ad

185 1586 364 1621 mundum
374 1587 690 1634 contemplandum
702 1597 738 1621 et
747 1588 825 1622 imi-

186 1637 502 1680 tandum3M.Tull.
513 1639 558 1673 de
566 1640 644 1674 Nat.
654 1641 696 1673 D.
706 1640 766 1673 lib.
776 1641 824 1674 II.

185 1692 392 1727 Aristoteles
421 1691 466 1726 ad
491 1692 764 1739 intelligendum
789 1701 824 1727 et

183 1743 360 1790 agendum
375 1757 386 1787 3
415 1744 561 1791 quidam
593 1745 803 1791 generaliter
814 1770 825 1787 ,

184 1795 230 1830 ad
240 1796 477 1844 cognitionem
487 1809 608 1830 rerum
621 1809 630 1829 τ
645 1796 706 1830 sed
716 1797 825 1831 Stoici

185 1849 335 1895 optim&¹
342 1848 386 1882 ad
396 1845 671 1896 contemplanda
682 1858 716 1883 et
727 1861 826 1883 enar·-

185 1900 298 1935 tanda
321 1914 430 1948 opera
458 1902 536 1935 Dei.
569 1903 630 1935 Τὸν
660 1902 822 1948 ἄνθρωπον

184 1954 301 1990 θεατὴν
325 1954 493 2000 εἰσήγαγεν
522 1957 538 1988 6
564 1956 644 1994 Θεὸς
666 1957 763 1988 αὐταῦ
787 1968 823 1988 τε

185 2005 241 2040 καὶ
262 2010 327 2040 τῶν
354 2007 451 2052 ἔργων
483 2011 545 2041 τῶν
576 2008 673 2040 αὐτῶ
684 2022 692 2029 ·
713 2006 767 2040 καὶ
790 2009 823 2040 οὒ

187 2058 280 2104 μόνον
292 2059 426 2096 θεατὴν,
440 2059 522 2092 ἀλλὰ
534 2059 590 2095 καὶ
605 2059 758 2105 ἐξηγητὴν
771 2061 827 2093 αὖ·

186 2114 264 2144 ‘rii-v.
274 2110 353 2144 Arr.
364 2110 426 2144 lib.
439 2112 473 2150 I,
482 2123 558 2157 cap.
569 2113 603 2144 6.
612 2112 694 2145 Non
707 2111 827 2145 minus

188 2170 310 2195 sancte
327 2169 363 2196 et
378 2162 580 2196 humaniter
596 2162 705 2197 iidem
718 2163 827 2197 Stoici

189 2213 379 2249 dicebzmt:
399 2217 557 2249 hominem
581 2218 615 2249 in
632 2218 828 2263 adjutorium

190 2277 334 2300 mutuum
348 2281 411 2302 esse
422 2278 622 2312 generatum.
632 2290 679 2295 —
690 2272 722 2300 V
718 2270 814 2302 icturi
816 2294 824 2302 .

188 2318 266 2353 Hoc
279 2328 341 2360 est,
352 2320 391 2354 in
399 2321 470 2354 vita
482 2322 614 2364 acmri;
627 2334 710 2355 nam
719 2324 828 2354 vivere

187 2372 387 2407 secundum
395 2373 545 2415 Stoicos,
553 2373 642 2420 quid
653 2373 750 2408 aliud
760 2374 828 2407 nisi

877 535 1178 581 agere?C.—Ordo
1188 537 1259 579 quis
1266 538 1368 570 dacus.
1375 538 1463 579 Etsi,
1470 537 1517 573 de

878 586 1004 620 ordine
1015 587 1076 621 illo
1086 587 1306 629 admirabili,
1320 602 1393 636 quo
1405 592 1516 625 maxi-

877 652 957 673 mus
967 652 1085 674 rerum
1095 638 1217 686 opifex
1227 635 1444 688 sapientiam,
1454 656 1516 690 po-

876 693 1019 726 tentiam
1051 693 1382 742 providentiamque
1414 709 1515 730 suam

872 742 1079 780 hominibus
1096 747 1314 782 manifestam
1338 749 1513 794 praebuit,

873 798 947 832 haec
961 811 1108 845 quoque
1121 798 1271 847 intelligi
1289 810 1448 848 queunt;
1463 810 1515 836 at·

874 858 1002 889 tamen,
1012 860 1053 884 ut
1062 846 1388 900 Casaulmmbisque
1398 855 1515 888 visum

875 912 926 936 est
938 927 948 943 ‚
962 903 1067 936 satius
1087 905 1180 938 soret
1192 930 1203 946 ‚
1220 905 1249 939 si
1266 905 1389 940 eadem
1403 907 1517 941 intera

874 964 1097 1002 pretaremur
1111 951 1156 992 de
1164 959 1244 1001 fizto
1258 967 1302 993 et*
1311 961 1382 1005 Iege
1395 972 1516 994 neccs-

875 1009 962 1041 saria
980 1009 1112 1055 cuique
1127 1011 1281 1044 nascenti
1297 1010 1435 1045 homini
1448 1012 1516 1045 im·

874 1060 1004 1105 posit&
1024 1060 1100 1095 scil.
1122 1069 1180 1103 ut,
1200 1066 1283 1097 cum
1306 1076 1458 1111 quaeque
1475 1065 1514 1098 in

876 1112 1002 1147 ordine
1016 1115 1108 1148 miro
1123 1115 1192 1150 siut
1206 1117 1407 1162 compositae
1416 1142 1426 1157 ‚
1440 1118 1516 1164 ipse

876 1178 982 1200 suum
1009 1180 1155 1214 quoque
1184 1178 1300 1203 servet
1325 1169 1490 1204 ordinem
1503 1194 1515 1211 ‚

876 1218 1056 1253 neminem
1067 1217 1183 1262 laedat,
1192 1233 1298 1270 suum
1309 1222 1442 1267 cuique
1454 1223 1517 1256 tria

872 1270 976 1312 hun,
990 1279 1056 1305 etc.
1068 1272 1172 1311 item,
1185 1272 1293 1305 animi
1307 1271 1399 1309 bona
1410 1274 1516 1308 bonis

871 1324 948 1357 aliis
961 1325 1119 1370 corporis
1137 1337 1177 1358 ac
1193 1325 1364 1366 sortunae,
1380 1327 1458 1359 utili
1474 1334 1517 1360 ae

870 1376 1329 1423 jucundoanteponendum
1337 1379 1516 1413 existimet

873 1429 1076 1463 honestum.
1086 1429 1208 1463 senec.
1216 1430 1326 1476 Epist.
1339 1431 1453 1464 CVII.
1464 1433 1517 1463 Sic

874 1484 1021 1514 vivamus
1036 1506 1047 1523 ‚
1076 1484 1121 1514 sic
1150 1485 1322 1525 loquamur
1341 1496 1354 1515 .·
1379 1491 1518 1526 paratos

875 1548 932 1567 nos
951 1537 1095 1568 inveniat
1113 1546 1212 1579 atqtte
1232 1537 1382 1580 impigros
1393 1537 1517 1579 fatum.

875 1590 937 1620 Hic
953 1597 1000 1619 est
1020 1598 1155 1632 magnus
1174 1587 1301 1621 am'mus
1317 1590 1376 1631 qui
1393 1602 1426 1622 se
1445 1593 1515 1622 Deo

877 1638 1021 1688 tradidit.
1037 1645 1085 1674 At
1097 1651 1209 1673 contra
1219 1643 1356 1684 pusillus
1368 1655 1408 1674 ac
1421 1644 1516 1686 dege-

876 1704 958 1730 ner,
979 1694 1038 1735 qui
1061 1694 1264 1732 obluctatur,
1286 1703 1319 1726 et
1343 1694 1384 1726 de
1404 1696 1517 1727 ordine

878 1746 991 1777 mundi
1003 1745 1087 1777 male
1101 1747 1281 1784 existimat,
1298 1756 1331 1778 et
1345 1749 1517 1779 emendare

877 1798 997 1828 mavult
1010 1799 1095 1828 Deos
1110 1798 1208 1840 quc'zm
1230 1810 1317 1830 seu..
1332 1799 1375 1831 In
1394 1807 1516 1833 mente

876 1857 996 1883 autem
1024 1849 1229 1883 Stoicorum
1257 1853 1399 1884 ordinem
1412 1877 1424 1891 ‚
1452 1859 1517 1886 aut

876 1914 983 1934 rerum
993 1903 1135 1935 ordinem
1147 1901 1242 1936 idem
1255 1915 1329 1937 esse
1339 1916 1377 1937 ac
1391 1905 1515 1944 fatum,

876 1952 977 1987 nullo
995 1954 1103 1988 modo
1118 1967 1163 1988 ex
1179 1955 1234 1988 his
1252 1955 1393 1990 Senecae
1408 1956 1516 1990 dubi-

877 2015 951 2040 tare
972 2018 1163 2052 possumus
1181 2020 1190 2039 τ
1212 2009 1315 2040 Causa
1328 2011 1451 2051 pendet
1473 2017 1517 2042 ex·

878 2072 974 2092 causa
981 2073 995 2097 ;
1003 2061 1131 2102 privata
1140 2085 1151 2098 ‚
1158 2060 1293 2104 publica
1311 2063 1423 2105 longus
1436 2063 1516 2094 ordo

879 2124 985 2144 rerum
997 2109 1108 2149 trahit.
1119 2109 1206 2146 Vid.
1218 2110 1283 2145 lib.
1297 2113 1356 2147 cui
1370 2114 1512 2147 titulus:

882 2166 989 2205 Quare
1016 2163 1105 2196 bonis
1127 2166 1215 2197 veris
1241 2167 1328 2197 mala
1355 2168 1517 2198 accidant.

879 2214 982 2249 idem
997 2216 1155 2250 Natural.
1169 2217 1301 2258 Quaest.
1320 2217 1381 2250 lib.
1394 2219 1432 2250 ΙΙ
1446 2230 1454 2249 :
1470 2220 1517 2250 sic

877 2270 1020 2301 ordinem
1048 2281 1154 2301 rerum
1172 2270 1245 2312 fati
1271 2279 1393 2301 aeterna
1422 2271 1518 2302 series

878 2330 981 2358 rotat,
993 2322 1082 2365 cujus
1094 2321 1164 2353 haec
1169 2321 1278 2363 prima
1290 2323 1344 2352 lea·
1355 2330 1415 2359 est,
1430 2331 1517 2355 stare

880 2373 1014 2406 decreto.
1037 2372 1092 2406 Ita
1106 2373 1180 2416 fati
1201 2375 1280 2406 ordo
1304 2380 1356 2406 est
1380 2373 1440 2407 illa
1456 2377 1514 2421 ἐμ.-

207 2490 218 2494 -
237 2473 280 2501 V.
296 2471 351 2502 68.
373 2473 448 2513 Quis
466 2473 578 2510 datus,
596 2481 657 2503 aut
671 2480 763 2503 metae
784 2471 882 2513 quizm
907 2471 1008 2501 mollis
1019 2471 1149 2514 flexus,
1162 2478 1195 2501 et
1212 2471 1304 2501 unde.
1317 2473 1393 2502 Vct.
1414 2472 1517 2505 schol.

147 2525 149 2527 ’
190 2521 360 2554 Panehetii
370 2524 443 2554 cod.
457 2531 490 2555 et
502 2529 648 2566 quatuor
658 2525 725 2561 alii,
738 2531 829 2554 metoe
842 2533 918 2563 qua.
929 2522 1057 2552 Tlman.
1074 2522 1148 2562 Quis
1159 2522 1266 2558 datur,
1279 2530 1339 2553 aue
1346 2531 1438 2554 meta·
1449 2533 1518 2565 qua

194 2574 408 2618 mollisflexus
418 2600 428 2612 ,
442 2584 475 2607 ee
489 2577 572 2607 unde
581 2587 592 2606 :
610 2587 679 2606 non
696 2574 778 2606 mala
794 2575 864 2605 haec
878 2575 994 2612 lectio,
1010 2581 1043 2605 et
1055 2575 1140 2605 forte
1156 2575 1259 2616 priori
1272 2577 1515 2618 anteponenda.

194 2625 239 2655 Et
252 2632 299 2655 est
313 2637 424 2658 seusus
436 2638 444 2658 :
460 2628 530 2668 quis
542 2628 620 2658 ordo
635 2628 757 2658 datur?
774 2637 841 2667 qua
862 2627 963 2657 mollis
966 2626 1079 2671 flexus
1091 2634 1184 2657 metoe
1200 2628 1424 2669 suscipiendus
1443 2636 1492 2660 eat
1501 2629 1519 2661 ξ’

195 2681 228 2706 et
241 2677 323 2708 unde
333 2678 605 2719 proficiscendum
615 2681 630 2711 ἓ
644 2680 723 2711 Cod-
737 2686 857 2716 noster,
866 2678 976 2720 quiam.
987 2679 1105 2710 Nostra
1117 2679 1194 2709 edit.
1202 2680 1282 2711 Ald.
1295 2680 1394 2712 habet
1405 2681 1517 2724 qulam.

196 2744 244 2752 -—
253 2729 348 2760 Unde.
365 2731 450 2762 Male
462 2733 594 2763 Prateus
604 2754 615 2771 ‚
628 2732 740 2770 undae,
757 2735 795 2763 ut
808 2732 850 2762 sit
868 2731 1049 2763 similitudo
1061 2743 1080 2763 a
1091 2732 1293 2764 naumachia.

1345 2779 1374 2820 6
