1846 3184
651 331 911 373 SATIRA
955 331 1007 373 V.

1416 350 1503 392 ,127

225 416 382 460 Nescio
393 413 509 472 quod
525 412 653 470 (certe
667 414 758 472 est),
773 412 894 472 quod
907 427 979 455 me
993 412 1074 455 tibi
1089 423 1296 471 temperat
1307 444 1319 466 ‚
1330 423 1502 457 astrum.

223 491 346 534 Mille
359 490 587 532 hominum
602 489 763 547 species
777 521 790 542 ‚
808 499 851 531 et
869 503 1015 531 rerum
1032 488 1221 531 discolor
1236 503 1337 530 usus
1350 504 1369 530 :-
1410 519 1421 530 .

226 566 347 609 Velle
366 581 492 608 suum
509 565 664 622 cuique
681 575 766 618 est,
786 579 864 606 nec
881 575 982 607 voto
998 564 1156 606 vivitur
1172 578 1273 605 uno.

221 640 439 683 Mercibus
456 640 527 682 hic
545 640 663 682 Italis
681 650 817 682 mutat
835 640 918 682 sub
935 640 1023 682 sole
1041 640 1201 682 recenti

205 768 245 798 Et
256 777 347 809 grave
361 767 485 798 saturni
500 767 583 798 sidus
602 768 635 797 in
653 778 743 798 omne
760 777 810 798 m-

247 821 315 855 put.
691 817 726 844 P.

168 863 215 897 ὲ-
224 872 338 904 Nostro
354 873 439 903 Jove.
454 869 501 904 Id
516 878 567 904 est
578 894 589 911 ‚
603 869 708 904 uobis
725 881 811 916 pro·

165 922 274 970 pitio.
289 922 390 957 ,Iovis
402 930 522 956 autem
541 921 639 955 sidus
655 922 812 955 amicum

168 975 216 1022 ob
225 987 326 1009 suam
336 975 560 1022 temperiem.
571 975 665 1008 Plin.
679 974 742 1007 lib.
758 975 811 1016 11,

167 1040 248 1074 cap.
268 1028 303 1061 8.
324 1029 437 1060 Martis
452 1029 571 1060 ardore
585 1028 683 1059 nienio
696 1051 708 1066 ‚
723 1036 756 1059 et
768 1029 813 1059 ri-

164 1094 244 1126 gore
259 1082 412 1119 Saturni,
430 1081 630 1123 interjectum
641 1081 795 1112 ambobus
799 1105 811 1119 ‚

168 1146 212 1167 ex
229 1143 364 1177 utroque
382 1135 556 1177 temperari
571 1136 676 1166 Iovem
691 1135 814 1166 saluta-

169 1199 302 1229 remque
315 1187 408 1232 fieri.
420 1206 468 1212 —
478 1187 682 1230 Frangimus.
707 1186 813 1219 Beni-

168 1250 259 1285 gnus
275 1238 371 1272 enim
387 1238 488 1271 Jovis
504 1246 668 1283 aspectus
685 1238 813 1273 avertit

170 1299 207 1324 et
219 1289 367 1324 discutit
382 1290 636 1336 malignitatem
651 1290 810 1325 Saturni.

170 1342 346 1377 Firmicns
360 1343 408 1376 ait
418 1369 430 1384 ‚
444 1355 536 1389 soepe
550 1343 744 1378 Saturnum
759 1357 814 1378 ra·

168 1394 391 1430 diationibus
416 1397 439 1429 J
440 1396 516 1429 ovis
545 1397 756 1442 temperari,
778 1404 814 1430 et

167 1449 321 1484 Ptolem.
337 1449 522 1483 Tetrabib.
538 1450 603 1483 IV.
624 1452 741 1496 Κρόνος
756 1450 812 1484 καὶ

167 1495 262 1542 maog
291 1503 475 1541 ἐπελθόντες
499 1504 566 1541 τοῖς
591 1503 732 1540 ἀλλήλων
758 1505 812 1538 τό·

166 1567 240 1594 ποις
260 1557 385 1588 ποιοῦσι
404 1555 506 1600 φιλίας
531 1551 590 1588 διὰ
612 1556 810 1596 συντάξεως,

167 1602 189 1644 ἢ
198 1606 355 1653 γεωργίας
364 1631 374 1645 ,
387 1607 409 1644 ἢ
423 1608 643 1653 κληρονομίας.
654 1609 814 1650 Frangere

167 1665 289 1692 autem
303 1666 534 1701 ettemperare
544 1658 652 1692 verba
666 1658 814 1692 astrolo-

119 1714 131 1720 ·
167 1709 221 1756 3ἱ3
234 1710 482 1752 usitatissima,
497 1712 581 1744 cum
602 1711 744 1744 sinister
763 1712 814 1744 as-

168 1763 283 1797 fectus
313 1764 423 1797 unius
459 1763 586 1798 sideris
616 1763 816 1810 impeditur

169 1809 348 1850 conti-ada
361 1816 399 1850 vi
413 1816 570 1850 alterius.
583 1816 626 1850 C.
644 1825 680 1850 et
693 1817 735 1850 P.

218 1873 238 1906 5
246 1884 260 1906 1
268 1897 277 1906 .
290 1875 403 1906 Nescio
419 1875 509 1916 quod
518 1874 531 1918 (
540 1881 625 1906 cer-'te
637 1874 702 1918 est)
711 1899 723 1912 ,
740 1874 812 1920 eta]

169 1924 240 1959 Vel
266 1925 343 1959 haec
370 1925 492 1971 signa,
513 1925 659 1971 inquit,
682 1934 817 1960 tantam

170 1977 268 2011 inter
277 1989 343 2011 nos
354 1977 547 2011 amicitiam
557 1977 794 2013 conciliarunt
804 2003 815 2019 ‚

169 2030 230 2077 vel
247 2038 344 2064 certe
362 2029 510 2076 aliquod
529 2029 818 2075 aliud.—Tempe-

170 2092 238 2116 rac.
252 2082 392 2125 Miscet,
403 2086 565 2131 συγκιρνᾷ,
582 2089 751 2131 συγκολλᾴ,
772 2086 811 2120 C.

174 2151 189 2165 ι
200 2137 367 2169 —Nescio
384 2138 492 2179 quod,
504 2146 563 2169 etc.
577 2137 740 2170 Alterum
754 2136 816 2172 dat

123 2191 126 2194 ⁴
172 2205 187 2218 ι
203 2188 459 2224 sensumaltera
468 2189 816 2237 interpunctio-Poe-

173 2258 190 2289 q
206 2249 251 2275 tae
268 2253 390 2276 sensus
409 2251 462 2277 est
476 2255 485 2275 ε
503 2244 625 2277 nescio
646 2243 745 2290 quod
762 2257 816 2278 as·

172 2309 188 2337 q
202 2302 301 2328 trum
309 2295 462 2339 (certum
472 2305 524 2331 est
533 2295 634 2343 quod
641 2296 750 2342 dico),
757 2297 819 2332 sed

171 2362 187 2377 ι
203 2355 256 2381 est
267 2356 403 2382 astrum
413 2347 512 2394 quod
520 2374 532 2388 ,
547 2357 612 2383 etc.
622 2365 637 2379 ι
648 2352 709 2393 Eq'.
720 2351 817 2394 Croft.

218 2399 273 2434 52.
292 2403 382 2434 Mille
393 2403 557 2435 hominum
568 2403 711 2449 species]
729 2403 820 2437 Hac·

171 2460 276 2487 tenus
294 2453 340 2488 de
360 2455 516 2490 Cornuti
538 2456 675 2490 meritis
697 2457 734 2490 in
758 2470 795 2491 se
807 2482 818 2498 ,

171 2500 212 2538 ac
234 2503 280 2539 de
302 2518 368 2540 suo
392 2507 431 2540 in
454 2508 662 2542 Cornutum
685 2509 821 2543 affectu

862 767 933 814 egit
946 780 957 810 ;
975 779 1074 801 nunc
1087 779 1106 800 a
1119 766 1344 801 dissimilium
1354 768 1410 803 vel
1424 780 1508 802 con-

861 820 1055 854 trariorum
1065 821 1329 866 comparatione
1337 821 1509 856 laudatio-

862 885 947 906 nem
962 873 1039 918 ejus
1058 873 1226 907 instituit.
1244 874 1508 908 Commemorat

863 926 958 961 varia
973 926 1163 959 hominum
1182 925 1299 960 studia
1312 951 1323 968 ‚
1339 939 1418 973 quae
1432 939 1508 960 om-

864 979 923 1012 nia
934 979 989 1014 vel
1000 978 1044 1013 ad
1057 979 1252 1021 avaritiam,
1262 980 1317 1019 yel
1327 979 1372 1013 ad
1383 981 1511 1027 volup-

866 1040 975 1066 tatem
997 1041 1177 1078 spcctant‚
1198 1041 1239 1067 ut
1261 1033 1415 1067 Cornuti
1434 1034 1511 1068 laus

866 1093 1009 1127 crescat,
1021 1087 1080 1119 cui
1095 1086 1242 1120 unicum
1255 1095 1330 1121 erat
1340 1087 1419 1121 vitae
1431 1100 1510 1133 pro-

865 1139 1023 1184 positum
1044 1139 1290 1186 philosophari
1312 1152 1397 1173 cum
1419 1140 1485 1174 sibi
1499 1165 1510 1181 ‚

866 1199 944 1225 tum
963 1192 1039 1225 aliis
1051 1217 1060 1232 ,
1077 1200 1113 1225 et
1135 1193 1361 1238 juventutem
1379 1193 1510 1226 Roma-

865 1257 947 1278 nam
957 1244 1002 1278 ad
1014 1244 1178 1278 studium
1190 1245 1368 1291 sapientiae
1381 1254 1417 1279 et
1430 1246 1512 1279 stoi·

866 1309 915 1330 cae
930 1296 1126 1343 disciplinae
1148 1297 1390 1343 cognitionem
1409 1298 1511 1332 insti-

865 1353 1119 1383 tuere.-MIIIe
1131 1352 1295 1383 hominum
1307 1353 1438 1394 species.
1451 1350 1511 1384 Sic

864 1403 990 1437 Horat.
1012 1404 1072 1437 lib.
1092 1404 1150 1444 11,
1165 1412 1230 1438 sat.
1251 1416 1291 1438 1:

864 1457 971 1486 Castor
982 1455 1095 1496 gaudet
1107 1456 1211 1495 equis,
1225 1462 1284 1486 etc.
1299 1457 1333 1486 C.
1350 1462 1381 1486 et
1394 1458 1431 1486 P.

864 1506 998 1540 Eadem
1014 1508 1088 1541 sere
1100 1506 1195 1541 idem
1209 1507 1395 1554 expressit,
1407 1507 1469 1541 lib.
1479 1508 1512 1549 1,

865 1559 928 1594 od.
949 1572 964 1594 1
980 1572 990 1593 t
1011 1564 1092 1593 Sunt
1105 1573 1185 1603 quos
1197 1562 1357 1593 cum‘culo
1366 1585 1377 1599 ‚
1393 1570 1456 1593 etc.

914 1613 972 1647 53.
994 1616 1082 1646 Velle
1098 1627 1189 1646 suum
1209 1616 1356 1658 cuique.]
1372 1614 1443 1647 Pro
1457 1613 1513 1647 di·

865 1666 1032 1701 versitate
1039 1667 1240 1700 animorum
1247 1679 1287 1700 ac
1291 1665 1515 1712 judiciorum

867 1719 956 1753 alius
974 1720 1077 1753 aliam
1098 1729 1211 1754 artem
1230 1729 1266 1754 et
1288 1719 1513 1754 exercitatio-

868 1782 952 1805 nem
966 1781 1130 1806 sectatur.
1146 1771 1345 1806 Cassiodor.
1360 1775 1446 1814 Quot
1457 1774 1516 1804 ho-

868 1826 987 1863 mines,
1010 1834 1058 1857 tot
1078 1827 1263 1864 sententiae‚
1285 1834 1319 1857 et
1342 1827 1516 1868 unicuique

869 1890 936 1910 mos
959 1890 1034 1910 suus
1057 1887 1115 1911 est.
1131 1879 1261 1910 —Nec
1285 1887 1367 1910 voto
1391 1879 1515 1911 vivitur

869 1942 946 1962 uno.
975 1929 1137 1964 Lucilius
1153 1943 1163 1963 t
1185 1932 1281 1972 Quot-¹
1300 1931 1360 1962 tibi
1379 1943 1516 1974 magno-

862 1995 945 2026 pere
973 1985 1066 2015 cordi
1092 1992 1141 2015 est
1155 2007 1167 2022 ,
1193 1984 1275 2016 milti
1306 1984 1516 2016 vehementer

868 2037 1021 2079 displicet.
1036 2035 1077 2068 P.

915 2089 1135 2130 54.Mercihus
1144 2090 1197 2121 Ιιίι·
1211 2090 1314 2129 Italis,
1323 2091 1395 2133 eta]
1402 2088 1515 2130 Alius,

866 2140 1009 2187 inquit,
1028 2141 1149 2176 studio
1176 2150 1387 2176 mercaturae
1410 2141 1516 2175 duci-

867 2201 937 2229 tur.
948 2193 1016 2228 Hic
1033 2207 1160 2229 eorum
1175 2194 1358 2235 meminit,
1374 2193 1436 2239 qui
1453 2205 1514 2226 ex·

867 2246 1053 2292 portandis
1069 2246 1247 2293 indigenis
1266 2246 1444 2279 mercibus
1454 2270 1465 2286 ‚
1480 2253 1516 2290 et

871 2300 1022 2333 exoticis
1063 2298 1302 2345 imponandis
1339 2305 1516 2343 quaestum

871 2352 1181 2386 faciunt.-Mucat.
1190 2352 1281 2383 Ante
1296 2361 1403 2382 usum
1416 2350 1493 2383 aeris
1505 2375 1516 2391 ‚

871 2417 937 2450 per
951 2416 1074 2438 rerum
1089 2403 1407 2436 commutationem
1421 2415 1515 2437 mer·

873 2465 995 2489 catura
1012 2456 1133 2489 fiebat.
1151 2455 1260 2488 Recte
1277 2455 1386 2500 igitur
1398 2465 1515 2489 mutat.

872 2508 1046 2542 Praeterea
1081 2507 1303 2555 maritimum
1339 2519 1516 2543 commer-

218 2616 262 2645 V.
278 2615 333 2647 51.
348 2617 460 2649 Nescio
472 2620 563 2660 quod
571 2631 599 2650 c.
611 2631 642 2651 e.
665 2619 756 2661 quod
765 2630 815 2651 me
829 2627 854 2651 t.
869 2627 891 2650 e.
905 2627 964 2650 ast.
979 2619 1060 2651 Cod.
1074 2627 1205 2658 noster,
1220 2627 1254 2651 et
1268 2620 1342 2652 cod.
1356 2618 1397 2652 n⁰
1411 2622 1474 2662 827
1481 2622 1514 2663 3,

174 2675 207 2698 et
224 2667 292 2700 duo
309 2670 383 2710 alii,
399 2682 481 2702 nese.
503 2673 587 2714 quid
604 2685 659 2705 c.e.
679 2673 770 2716 quod
791 2684 842 2705 me
866 2672 942 2711 tibi,
964 2681 1022 2705 etc.
1043 2675 1178 2706 Praestat
1197 2675 1290 2716 prior
1307 2675 1416 2708 lectio.
1436 2676 1522 2709 Cod.

174 2721 368 2755 Thmeus:
385 2725 476 2766 quod
492 2733 522 2757 ee
538 2725 627 2758 mihi.
