1846 3184
472 313 474 315 ,
498 271 591 317 nx
606 237 829 328 ,muno
849 267 943 312 ix
972 266 1187 311 snm.

1438 264 1521 310 265

235 363 290 400 Ut
306 358 438 412 plures
457 355 592 408 puerei
610 355 716 392 flant.
738 355 757 390 1
776 352 809 390 si
826 351 912 389 saci’
932 349 1062 388 solum

234 425 372 462 Pnrul
383 451 395 470 ,
412 422 560 466 Pau,
578 419 770 457 Lucum-I:
789 416 866 454 hoc
884 415 993 453 uniu'
1014 415 1095 452 fiet.

237 491 322 527 Hoc
339 488 400 524 illi
415 485 561 523 factum
577 491 635 522 est
652 483 723 520 uui
738 496 748 519 ε
768 480 980 519 tenue-hoc
1001 479 1116 516 facies
1134 480 1168 515 1.

237 556 331 592 Haec
350 552 435 588 illei
447 548 571 588 fecere
586 562 597 583 t
617 547 736 584 addes
755 548 808 591 E,
827 554 873 582 ut
892 544 1069 595 pinguiu’
1088 543 1167 580 fiat.

237 618 355 654 Meiee
361 613 585 658 hominum,
597 611 679 649 duo
692 612 835 647 meillia
844 638 857 656 ‚
873 610 966 646 item
975 607 1068 645 huic
1079 615 1249 658 utroque
1260 607 1368 658 opu',
1381 604 1528 651 miles,

239 680 445 718 Meilitiam
462 706 475 724 ,
497 686 633 714 tenues
651 677 670 712 1
682 704 694 721 ‚
707 677 836 724 pilam
854 679 932 724 qun
951 672 1283 721 ludimu’1pilum

239 746 329 791 Quo
344 742 457 794 pinso
470 770 480 787 ‚
499 749 636 778 tenues
653 741 697 785 13
718 739 829 788 plura
845 736 927 774 haec
947 736 1095 780 feceri',
1106 737 1220 784 pella

240 811 337 856 Quae
351 808 516 860 jacimus
531 835 542 852 ‚
561 805 680 842 addes
699 805 751 848 E,
763 805 876 852 peila
888 831 902 848 ‚
924 810 970 839 ut
988 801 1133 851 pleniu’
1152 801 1230 838 fiat.

239 871 641 920 Mendaceifureique
659 868 777 906 addes
796 869 828 904 E
839 895 850 913 ‚
867 865 959 904 cum
977 866 1068 904 dare
1075 866 1193 915 futei

240 941 263 975 J
265 937 417 975 usseris.

766 1021 769 1024 ,
804 987 909 1022 v11.
1153 960 1176 997 ἶ

243 1057 371 1101 Quare
393 1051 569 1091 servandi
589 1050 764 1095 numeri,
784 1057 823 1087 et
838 1061 971 1087 versus
990 1048 1175 1094 faciendi,

243 1121 323 1156 Nos
340 1118 465 1156 elul
478 1144 489 1162 ,
508 1117 671 1154 Nuussnl
682 1142 694 1159 ,
714 1127 922 1152 numerum
941 1122 987 1150 ut
1005 1114 1195 1151 servemu’
1214 1112 1470 1164 modumque.

255 1208 501 1218 ..........
524 1182 641 1217 Porro
659 1178 734 1216 hoc
754 1178 786 1214 si
806 1178 901 1215 filiu’
921 1179 1034 1214 LucI.

254 1261 275 1282 .·
280 1271 499 1282 .........
521 1243 624 1280 Ferit
640 1242 789 1280 collum
810 1250 855 1279 ut
872 1243 1050 1279 Consul
1063 1270 1075 1288 ‚
1095 1243 1395 1292 Conmuclque.

790 1308 826 1342 V
836 1307 854 1342 1
866 1307 884 1342 1
895 1307 927 1342 Ι.

236 1375 272 1411 ·S
286 1380 463 1410 nostrum
479 1380 518 1409 et
534 1371 783 1409 semi-Graece
801 1369 911 1421 quod
927 1369 1088 1407 dicimu’
1102 1369 1224 1420 sigma
1272 1397 1291 1415 ,

246 1437 311 1475 Nil
330 1436 469 1474 erroris
486 1435 615 1473 hahet.

825 1487 909 1524 IX.

254 1580 580 1590 .............
601 1553 633 1588 L
652 1550 820 1589 liciendo
837 1550 1081 1602 congeminat
1100 1552 1144 1587 L.

840 1617 892 1653 X.

248 1681 353 1729 Quid
372 1680 444 1719 tibi
459 1693 531 1732 ego
549 1680 729 1730 ambages
747 1679 891 1715 ambivi
905 1677 1070 1715 scribere
1091 1689 1223 1714 coner.

246 1828 277 1855 7.
286 1816 466 1854 Charisius,
475 1816 532 1846 lib.
543 1817 558 1846 1
568 1827 575 1845 z
588 1814 722 1851 Lucius,
732 1814 843 1844 Aemi-

197 1869 263 1900 lius
278 1875 309 1899 et
329 1875 442 1898 caetera
459 1867 613 1904 nomina,
632 1877 706 1907 quae
720 1873 794 1896 aute
813 1867 844 1896 U

199 1921 324 1952 habent
338 1923 353 1951 1
364 1943 374 1958 ,
388 1921 516 1962 duplici
537 1922 570 1950 11
592 1919 755 1961 genitivos
774 1919 844 1949 sin-

200 1974 329 2016 gulares
345 1972 440 2004 finire
458 1972 578 2003 debent
587 1994 597 2009 ‚
609 1979 650 2004 ut
663 1982 793 2002 necesse
805 1971 846 2003 sit

199 2026 357 2057 adversus
368 2016 631 2057 observationem
641 2025 846 2055 nominativo
895 2029 898 2031 '

198 2090 271 2112 nou
283 2079 443 2110 minorem
455 2078 527 2110 fieri
538 2079 734 2121 genitivum,
741 2078 844 2119 idque

196 2133 306 2165 ,Varro
343 2132 475 2162 tradens
507 2130 629 2173 adjecit
653 2131 844 2169 vocativum

201 2185 399 2228 singularem
423 2195 560 2226 quoque
587 2184 703 2215 talium
732 2184 846 2215 nomi-

198 2248 283 2269 num
300 2249 360 2280 per
378 2237 506 2279 duplex
526 2239 561 2268 11
583 2236 683 2268 scribi
704 2237 823 2268 debere
836 2260 846 2275 ‚

200 2290 257 2321 sed
289 2297 426 2332 propter
456 2287 676 2320 differentiam
708 2300 846 2320 casuum

204 2343 333 2384 corripi.
360 2343 507 2373 Lucilius
530 2350 640 2374 tamen
664 2350 698 2373 et
720 2354 780 2384 per
803 2353 847 2372 u-

205 2404 284 2424 uum
297 2397 313 2426 1
326 2396 362 2426 in
373 2395 519 2438 genitivo
536 2395 636 2426 scribi
652 2406 747 2437 posse
764 2396 847 2426 exis-

207 2452 312 2477 nmat-

254 2499 285 2529 8.
302 2500 415 2532 Velius
431 2504 583 2544 Longus:
603 2500 666 2533 Sed
683 2499 807 2530 scilicet
819 2499 848 2530 si

206 2551 271 2582 hoe
294 2559 475 2593 sectentur,
492 2561 630 2597 possent
651 2554 748 2584 etiam
766 2553 848 2594 plae-

209 2615 326 2645 rasque
338 2612 570 2645 consonantes,
584 2614 616 2638 et
628 2613 742 2638 omne's
753 2606 851 2636 semi·

209 2657 337 2688 vocales
361 2668 424 2700 pro
449 2660 581 2701 syllabis
608 2670 753 2703 ponere3
774 2669 850 2691 uam

896 1813 986 1855 apud
1006 1813 1173 1844 Lucilium
1195 1813 1231 1844 in
1258 1814 1309 1845 11
1329 1812 1387 1856 (in
1414 1824 1483 1855 quo
1505 1814 1546 1845 de

894 1865 1011 1897 litteris
1023 1867 1189 1909 disputat)
1202 1877 1315 1898 omnes
1329 1867 1433 1898 vicem
1450 1868 1547 1909 sylla-

897 1919 1012 1950 barum
1036 1919 1194 1961 implent,
1211 1918 1287 1950 cum
1310 1919 1409 1950 dicit:
1425 1921 1449 1951 S
1472 1931 1547 1951 nos·

898 1980 984 2004 trum
999 1980 1033 2003 et
1046 1971 1271 2009 semi-Groece,
1290 1978 1348 2003 etc.

945 2037 979 2067 9.
998 2025 1114 2056 Velius
1134 2027 1283 2067 Longus:
1308 2027 1392 2062 Per,
1411 2037 1546 2067 praepo-

895 2079 971 2110 sitio
995 2078 1149 2110 omnibus
1171 2078 1296 2120 integra
1319 2079 1545 2119 praeponitur,

895 2132 958 2163 nisi
979 2130 1056 2162 cum
1078 2130 1196 2161 incidit
1220 2130 1258 2160 in
1277 2132 1303 2160 L
1322 2130 1482 2167 litteram,
1507 2130 1549 2160 ad

897 2183 1001 2216 finem
1014 2189 1248 2215 consonantem
1256 2204 1265 2219 ,
1280 2193 1379 2222 quam
1392 2182 1548 2223 elegantis

898 2238 1058 2269 sermonis
1077 2237 1141 2267 viri
1167 2236 1333 2277 geminare
1362 2235 1466 2276 mag-is
1482 2246 1547 2266 vo-

898 2292 1045 2328 luerunt,
1054 2289 1152 2331 quam
1165 2291 1194 2319 R
1204 2289 1345 2318 litteram
1356 2289 1548 2329 exprimere,

900 2350 937 2374 ut
959 2342 1174 2383 compellabor
1190 2340 1301 2370 malim
1321 2340 1430 2371 dicere
1451 2340 1551 2382 quim

900 2394 1140 2435 comperlabor,
1159 2403 1221 2423 nec
1241 2392 1335 2423 aliter
1354 2392 1442 2434 apud
1455 2394 1552 2424 Luci-

900 2448 981 2478 lium
1003 2447 1122 2488 legitur
1148 2446 1186 2476 in
1209 2446 1441 2488 praepositione
1465 2457 1552 2488 per.-

899 2501 926 2530 L
951 2499 1090 2530 liciendo
1117 2497 1230 2540 (quod
1260 2505 1310 2529 est
1334 2498 1548 2541 inducendo)

901 2551 1105 2594 congeminat
1111 2552 1146 2582 L.
1155 2551 1309 2582 Pellicere
1317 2551 1443 2583 malunt
1450 2551 1550 2594 quim

898 2605 1067 2648 perlicere.
1411 2603 1414 2606 ’

956 2668 1008 2689 ιο.
1023 2660 1146 2696 Varro,
1163 2658 1204 2690 dc
1216 2659 1311 2701 Ling.
1325 2660 1393 2691 Lat.
1407 2657 1465 2690 lib.
1479 2660 1549 2690 VI:
