1846 3184
252 303 338 348 230
501 305 550 347 C.
585 304 851 349 LUCILII
889 306 1318 353 FRAGMENTA

856 392 895 427 X
908 392 947 428 X
959 392 990 428 Ι.

301 454 384 493 Nos
401 464 482 491 esse
501 453 708 504 arquatos?
727 455 939 505 Sur-gamus
951 484 962 502 ‚
983 469 1116 494 eamus
1131 486 1141 503 ‚
1160 470 1333 508 agamus.

846 521 887 556 X
898 521 936 557 X
949 522 968 557 1
979 522 1013 558 Ι.

299 585 449 634 Inguen
468 595 519 620 ne
538 582 696 630 existat3
716 583 892 634 papulae,
909 591 1011 623 tama
1022 614 1034 632 ‚
1051 598 1100 624 ne
1117 585 1195 624 boa
1211 587 1334 625 noxit.

823 650 862 685 X
875 650 914 686 X
926 650 945 686 I
960 649 1022 686 11.

299 713 392 752 Haec
411 711 547 750 odiosa
567 710 667 749 mihi
686 711 837 764 vitiligo
854 721 912 751 est
923 743 934 761 ‚
951 727 1033 752 non
1050 713 1179 762 dolet,
1195 715 1338 768 inquit.

520 788 525 794 ’
832 780 872 815 X
885 780 924 815 X
935 780 955 816 1
964 782 1012 816 V.
1295 821 1299 823 ,

306 869 554 878 ..........
580 841 767 879 Nondum
788 842 904 879 etiam
925 841 1009 880 haec
1028 843 1159 881 omnia
1175 844 1348 884 habebit.

295 909 528 952 Formosus,
547 905 655 944 dives
667 936 677 953 ‚
695 906 816 953 liber,
833 919 899 944 rex
917 906 1017 944 solu’
1033 915 1207 946 vocetur.

845 974 885 1009 X
896 974 936 1010 X
944 974 991 1009 V.

297 1036 340 1075 Si
359 1050 423 1074 me
444 1037 592 1074 nescire
614 1035 689 1074 hoc
710 1036 856 1082 nescis,
875 1037 985 1088 quod
1006 1050 1180 1089 quaerere
1200 1037 1313 1084 dico,

295 1105 423 1149 Quare
443 1102 592 1150 divinas
609 1101 826 1153 quidquam
839 1132 849 1149 ‚
869 1111 938 1149 aut
958 1116 1077 1154 quare
1097 1102 1216 1140 debes
1234 1102 1332 1154 ipse.

293 1167 342 1204 Et
364 1167 396 1204 si
416 1167 489 1205 scis
510 1181 551 1218 q.
576 1167 615 1205 b.
636 1180 670 1205 e.
693 1167 886 1205 scire'hoc
905 1167 1016 1206 ds'te.

832 1234 872 1270 X
885 1233 968 1270 XV
978 1234 1011 1270 Ι.

301 1325 577 1333 ...........
597 1298 653 1334 Ut
671 1310 733 1334 me
754 1297 851 1334 scire
868 1297 960 1335 volo
978 1296 1076 1334 mihi
1094 1296 1272 1335 conscius
1288 1308 1377 1335 sum
1392 1325 1402 1344 ,
1420 1310 1471 1335 ne
1487 1297 1598 1336 dam-

290 1374 388 1400 num
406 1362 568 1400 faciam:
588 1362 685 1400 scire
706 1361 781 1400 hoc
801 1374 841 1400 se
860 1363 985 1400 nescit
996 1391 1008 1408 ‚
1023 1362 1100 1400 nisi
1115 1362 1272 1403 aliosid
1289 1363 1388 1401 scire
1403 1363 1549 1402 scierit.-

813 1429 853 1464 X
865 1429 904 1464 X
913 1430 948 1465 V
957 1429 977 1464 1
990 1429 1023 1464 Ι.
1297 1421 1300 1424 ”

299 1519 951 1529 .........................
976 1493 1124 1542 Sponte
1142 1491 1225 1542 ipsa
1247 1500 1385 1543 suapte

288 1557 474 1596 Adducta
485 1585 497 1604 ,
518 1564 565 1594 ut
584 1556 757 1594 tunicam
776 1564 815 1594 et
833 1564 971 1594 caetera
988 1556 1178 1607 rejiceret.

794 1622 834 1658 X
845 1622 885 1658 X
893 1622 928 1657 V
939 1623 957 1658 1
970 1623 989 1657 I
1001 1623 1032 1657 Ι.

298 1713 816 1724 ....................
840 1687 912 1723 Per
930 1685 1029 1723 mihi
1047 1684 1196 1723 lectum

287 1752 544 1804 Imposm’que
563 1750 706 1803 pedem
724 1749 895 1802 pellibus
915 1749 1048 1788 habes.

817 1817 857 1852 X
868 1816 910 1852 X
923 1816 943 1851 Ι
955 1816 1007 1852 X.

295 1909 546 1920 ..........
945 1873 1274 1942 Ωιιίῌιίιιεῃᾶειὶ

285 1947 480 1986 Omnibus
497 1945 540 1984 in
556 1946 674 1983 rebus
694 1946 815 1991 fiunt,
834 1945 997 1996 fierique
1016 1945 1120 1996 potis
1138 1953 1245 1983 sunt.

832 2012 871 2047 X
882 2012 922 2047 X
935 2011 987 2047 X.

292 2101 1103 2115 ...............................
1130 2074 1251 2112 Velut
1270 2074 1340 2113 olli

281 2144 440 2193 Auceps
458 2139 524 2178 ille
543 2139 636 2177 facit
654 2139 745 2176 cum
762 2138 975 2189 improviso
988 2166 999 2185 ,
1018 2138 1262 2191 insidiisque.

275 2284 316 2304 αι
325 2296 333 2304 .
361 2271 494 2304 Nonius
512 2282 522 2303 e
549 2272 719 2313 Arquatus
743 2268 879 2319 moijus
981 2268 1024 2299 25
1030 2291 1037 2298 .
1048 2267 1161 2299 Juh'us
1171 2268 1288 2300 Rufin.
1299 2269 1519 2312 Enthymema
1531 2269 1586 2311 fit,

227 2325 336 2359 dictus
355 2334 406 2357 est
415 2349 424 2363 ‚
442 2326 502 2368 qui
515 2325 625 2368 regius
639 2325 772 2356 dieitur.
931 2319 1008 2352 cum
1016 2321 1174 2363 periodus
1188 2323 1349 2354 orationis
1359 2334 1403 2354 ex
1411 2325 1586 2357 contrariis

274 2391 329 2411 22.
353 2383 488 2411 Festus:
514 2380 616 2410 Tama
639 2377 782 2416 dicitur,¹
801 2375 878 2408 cum
931 2375 1104 2406 sententiis
1118 2374 1346 2418 adstringitur.

222 2434 338 2466 labore
351 2434 413 2465 viae
425 2434 558 2476 sang-uis
578 2433 614 2463 in
632 2442 726 2463 crura
741 2431 879 2462 descen·
980 2428 1035 2459 26.
1053 2430 1132 2460 Vct.
1149 2428 1256 2460 schol.
1270 2429 1375 2460 Persii
1388 2435 1448 2461 sat.
1462 2432 1489 2463 1.

225 2488 274 2518 dit
286 2494 319 2519 et
332 2492 496 2519 tumorem
509 2476 732 2526 faeii.—Boa‚
744 2495 878 2528 serpens
980 2492 1036 2522 27.
1053 2484 1160 2514 Varro
1170 2505 1179 2521 ,
1197 2482 1256 2514 lib.
1271 2485 1314 2521 V,
1332 2483 1373 2514 de
1394 2484 1489 2528 Ling.
1514 2486 1583 2517 Lat.

224 2541 387 2582 aquatilis.
825 2577 842 2583 Ι
979 2537 1034 2566 28.
1050 2537 1158 2568 Janus
1177 2537 1291 2568 Dousa
1309 2536 1408 2579 legit:

272 2595 328 2625 23.
356 2597 491 2626 Festus:
515 2592 648 2637 Vitiligo
669 2594 708 2624 in
733 2599 876 2636 corpore
932 2604 938 2610 ·
960 2603 965 2608 ·
987 2604 994 2610 ·
1010 2604 1021 2633 .'
1092 2603 1104 2634 ι·
1125 2604 1132 2611 ·
1153 2604 1160 2611 ·
1180 2604 1200 2633 ·,
1208 2604 1380 2611 ·······
1402 2587 1531 2638 Lenem,

211 2645 367 2677 ,hominis
386 2649 515 2680 macula
539 2648 632 2687 alba,
650 2659 750 2692 quam
769 2648 878 2681 Graeci
930 2628 1254 2694 Pemsszzfmpwqu‘
1266 2629 1411 2663 pudendam
1423 2629 1524 2664 pellam
1548 2629 1587 2668 ¹⁸-

223 2698 320 2744 52(va
336 2710 456 2733 vocam
467 2727 475 2741 ⁷
489 2715 507 2734 ⁸
521 2715 589 2746 <1¹¹⁰
604 2715 666 2736 ¹¹⁰⁵
678 2704 803 2735 album·
977 2713 1130 2755 29-N0n·
1141 2713 1263 2744 Menda
1274 2713 1436 2746 feminino
1448 2700 1577 2758 genere.

269 2757 323 2788 ²4·
342 2753 552 2796 Porphyrion
563 2776 572 2794 ³
588 2759 603 2788 Ῑ
614 2779 623 2796 ⁷
637 2763 698 2788 ⁵³²·
713 2757 746 2788 3·
759 2757 874 2788 H⁰¹³t0
978 2767 1035 2798 3ο.
1056 2766 1188 2799 Servius
1207 2767 1295 2799 Petri
1314 2767 1471 2801 Danielis.
