1846 3184
310 297 396 341 320
799 302 1178 348 LUCILIANI

364 384 463 421 Nam
483 382 536 428 si,
556 383 664 434 quod
681 384 772 422 satis
791 394 848 423 est
863 385 1011 424 homini
1024 416 1034 433 ,
1053 388 1093 425 id
1112 388 1202 426 satis
1218 400 1300 425 esse
1315 388 1475 439 potisset
1489 415 1500 435 ‚

365 447 451 484 Hoc
472 454 529 484 sat
547 455 628 485 erat
644 462 652 484 :
670 462 775 486 nunc
794 447 887 487 cum
904 450 979 488 hoc
998 464 1078 489 non
1093 460 1172 498 est,
1191 455 1261 503 qui
1277 452 1464 490 credimu’
1481 463 1598 504 porro

367 510 530 549 Divitias
547 511 649 549 ullas
669 513 845 550 animum
866 513 922 551 mi
939 515 1094 566 explere
1115 517 1297 567 potesse?

365 576 546 627 Denique
565 577 623 614 uti
642 576 763 614 stulto
783 577 882 615 nihil
900 587 958 616 est
976 580 1087 626 satis,
1105 581 1235 618 omnia
1251 579 1343 618 ciim
1359 581 1435 618 sint
1450 595 1458 618 :

365 641 429 678 Sic
446 649 490 678 tu
506 641 596 678 illos
612 641 762 679 fructus
777 655 927 693 quaeras
939 672 949 689 ‚
967 643 1128 681 advorsa
1142 644 1281 695 hyeme
1299 645 1394 683 olim

368 705 489 751 Queis
509 705 567 741 uti
589 706 713 756 possis
728 735 738 752 ‚
761 719 806 744 ac
824 706 1016 745 delectare
1037 708 1146 746 domi
1163 717 1215 747 te.

367 769 474 816 Quid
491 782 584 807 vero
604 778 662 807 est
673 799 684 817 ‚
706 779 864 810 centum
883 785 927 809 ac
945 772 1160 811 ducentum
1177 773 1374 824 possideas
1391 774 1422 811 si

369 833 496 870 Millia
509 861 519 879 ,
541 833 685 871 divitiis
703 835 874 886 pretium
894 836 926 872 si
944 836 1091 873 solvere
1108 837 1261 874 nescis?

368 898 475 945 Quin
492 899 624 950 potius
638 900 758 937 vitam
777 899 921 952 degens
942 901 1089 938 sedatu’
1108 901 1303 951 quietam,
1320 901 1363 938 in

367 962 643 1014 Tranquillum
659 977 707 1002 ex
726 965 833 1002 saevis
853 973 892 1002 te
912 965 1200 1017 tempestatihu'
1218 964 1410 1003 transfers.

951 1032 970 1067 1
985 1032 1036 1067 X.

371 1093 480 1141 Quid
502 1093 666 1131 multis?
686 1107 803 1146 nemo
822 1103 880 1135 est
896 1095 1096 1133 halicariu’
1116 1094 1307 1146 posterior
1324 1102 1376 1131 te.

370 1160 438 1196 Est
454 1159 524 1210 qui
540 1160 701 1210 praeciso
713 1187 724 1206 ,
742 1167 859 1211 atque
875 1159 1003 1211 epulis
1021 1160 1196 1210 capiatur
1213 1159 1353 1210 opimis
1363 1186 1374 1204 ‚

370 1225 419 1261 Et
435 1237 516 1261 non
528 1253 539 1271 ‚
555 1237 705 1276 pauper
721 1225 802 1270 uti,
824 1225 954 1263 Samio
967 1254 978 1272 ,
998 1233 1191 1275 curtoque
1206 1224 1334 1262 catino
1346 1251 1357 1269 ,

370 1290 500 1334 Quem
514 1288 721 1339 praeclarus
735 1288 875 1341 helops
885 1318 896 1336 ,
914 1302 1033 1340 quem
1048 1291 1228 1340 Aegypto
1245 1288 1371 1338 sargu’
1385 1285 1570 1324 movebit.

371 1353 413 1391 Si
429 1354 577 1404 argenti
592 1354 749 1406 indigus
764 1362 822 1392 est
833 1383 844 1400 ‚
865 1367 905 1392 se
924 1354 1081 1402 conficit
1099 1354 1181 1405 ipse
1197 1359 1424 1403 comestque
1439 1365 1448 1388 :

372 1417 413 1456 Si
429 1431 521 1455 vero
541 1417 610 1455 das
622 1447 633 1465 ‚
653 1419 763 1469 quod
782 1428 913 1470 rogat,
932 1427 971 1457 et
989 1419 1021 1456 si
1038 1418 1202 1470 suggeri’
1222 1430 1416 1468 suppum,

370 1485 512 1534 Magna
531 1496 655 1534 penus
674 1497 791 1533 parvo
812 1485 936 1535 spatio
957 1491 1188 1534 consumpta
1207 1482 1362 1534 peribit.

372 1547 492 1594 Quod
513 1556 717 1598 sumptum
734 1556 851 1600 atque
873 1549 1008 1600 epulas
1025 1549 1131 1585 victu
1152 1548 1344 1598 praeponit
1361 1546 1537 1584 honesto.

371 1614 574 1650 Intereunt
587 1641 598 1659 ‚
617 1613 827 1659 labuntur,
849 1621 943 1650 eunt
963 1626 1119 1650 rursum
1140 1612 1269 1649 omnia
1286 1623 1457 1660 vorsum.

373 1680 472 1715 Nam
490 1677 588 1728 quid
607 1678 761 1715 mutino
774 1707 784 1724 ,
804 1678 1066 1729 subrectoque
1082 1677 1177 1714 huic
1196 1677 1289 1727 opu'
1309 1675 1447 1727 signo?

374 1746 428 1781 Ut
446 1743 665 1780 lurcaretur
682 1743 837 1781 lardum
851 1771 862 1789 ‚
883 1751 923 1781 et
941 1743 1111 1781 carnaria
1130 1741 1266 1779 furtim

373 1811 533 1847 Patrum
554 1809 789 1846 conficeret?
810 1832 1430 1845 ........................

973 1875 1025 1911 X.

375 1936 528 1986 Phryne
547 1938 692 1975 nobilis
711 1938 797 1984 illa,
816 1938 886 1975 ubi
907 1945 1119 1975 amatorem
1138 1935 1354 1987 improbius
1371 1946 1491 1985 quem

374 2001 514 2039 Multis
528 2001 736 2039 inductum
756 2002 992 2040 sermonibu’
1011 1999 1317 2045 concelebravit,

376 2065 483 2113 Quid
501 2066 592 2104 dare
607 2095 617 2112 ,
639 2065 737 2117 quid
757 2067 904 2117 sumpti
923 2067 1046 2104 facere
1058 2095 1070 2113 ‚
1086 2079 1131 2103 ac
1149 2065 1321 2116 praebere
1339 2062 1492 2114 potissit
1504 2091 1516 2109 ‚

375 2131 596 2177 Praeservit‚
612 2130 720 2168 labra
737 2130 898 2176 delicat,
919 2131 1009 2168 hinc
1026 2131 1174 2168 delenit
1189 2142 1334 2167 amore.

374 2196 626 2248 Assequitur,
646 2208 718 2232 nec
737 2195 961 2245 opinantem
981 2194 1160 2245 in-caput
1179 2193 1321 2240 insilit,
1337 2192 1467 2243 ipsum

377 2260 733 2299 commanducatur
751 2267 880 2297 totum
899 2259 1102 2310 complexa
1114 2286 1124 2304 ‚
1145 2266 1386 2308 comestque.
1839 2259 1846 2302 ᾗ

380 2328 421 2365 Si
435 2339 528 2364 vero
545 2326 613 2363 das
623 2354 634 2372 ‚
657 2325 766 2377 quod
784 2332 893 2376 rogat
904 2352 915 2369 ‚
931 2332 971 2362 et
985 2324 1016 2361 si
1032 2324 1195 2374 suggeri’
1215 2322 1385 2373 suppum
1400 2349 1410 2366 ,
1838 2316 1846 2379 ξ

379 2395 522 2443 Magna
540 2403 665 2443 penus
682 2403 802 2442 parvo
823 2389 948 2440 spatio
968 2396 1199 2438 consumpta
1217 2386 1370 2438 peribit.
1841 2382 1846 2394 ’“

380 2458 520 2496 Omnia
535 2456 687 2495 viscatis
705 2455 887 2494 manibus
905 2454 1008 2507 leget
1019 2484 1030 2502 ,
1049 2453 1178 2492 omnia
1195 2457 1343 2496 sumet,

381 2522 505 2562 Crede
523 2522 643 2569 mihi,
664 2533 793 2573 presse
811 2520 961 2559 auferet
980 2520 1109 2558 omnia
1113 2544 1352 2557 ..........

953 2587 993 2623 X
1003 2587 1036 2623 1.

380 2652 451 2689 Vir
466 2665 573 2690 mare
592 2652 754 2690 metitur
771 2664 956 2704 magmim
968 2680 979 2698 ‚
999 2658 1039 2688 et
1057 2662 1097 2687 se
1115 2647 1289 2686 fluctibu’
1308 2645 1445 2692 tradit,
1460 2687 1465 2692 p

380 2717 574 2755 Continuo
594 2716 712 2757 simul
730 2730 775 2756 ac
793 2716 928 2769 paullo
947 2715 1211 2756 vehementius
1230 2726 1322 2752 aura
