1846 3184
277 305 363 358 234
538 307 584 349 C.
617 306 881 350 LUCILII
910 309 1336 354 FRAGMENTA

828 393 859 428 L
871 392 910 428 X
919 393 953 429 V
963 393 982 429 I
995 394 1013 429 Ι
1027 394 1058 430 Ι.

326 455 515 493 Sanctum
531 467 603 506 ego
620 467 643 492 a
660 455 822 494 Metello
839 458 1007 494 Romam
1025 457 1261 509 repedabam
1280 471 1455 498 munere.

851 523 883 558 L
897 523 936 559 X
949 523 968 558 Ι
980 523 1032 559 X.

324 584 451 635 Caput
469 584 573 623 collo
594 591 854 632 sustentatur,
874 593 1038 625 truncus
1062 587 1275 633 sustinetur
1291 602 1314 626 a
1332 588 1625 629 coxendicibus.

879 651 910 687 L
922 652 962 688 X
974 651 1028 688 X.

322 715 511 760 Quaenam
529 726 606 752 vox
625 727 674 751 ex
691 721 730 752 te
748 727 930 754 resonans
949 729 1038 755 meo
1057 717 1181 768 gradu
1200 731 1392 757 remoram
1412 720 1528 758 facit?

854 783 887 817 L
901 783 941 819 X
955 782 995 818 X
1006 783 1038 819 Ι.

321 845 460 894 Neque
479 842 634 894 prodire
655 843 696 882 in
715 843 840 882 altum
854 873 865 891 ‚
883 845 1050 896 praeliari
1069 847 1208 896 procul
1227 848 1301 886 sub
1314 849 1405 887 vite.

837 911 868 946 L
880 911 919 947 X
932 911 973 947 X
985 912 1003 947 I
1018 912 1049 947 I.

320 972 439 1020 Quod
454 972 552 1011 mihi
566 974 823 1012 commodum
838 983 897 1012 est
908 1004 919 1022 ‚
929 983 1001 1014 ‚aut
1016 974 1096 1012 uda
1110 975 1339 1014 vestimenta
1353 977 1622 1028 deposueram.

822 1042 853 1077 L
866 1042 906 1077 X
918 1042 958 1077 X
971 1042 990 1077 1
1003 1042 1022 1077 I
1037 1042 1067 1077 Ι.

319 1102 420 1140 Mihi
437 1116 594 1142 necesse
612 1113 669 1142 est
686 1103 821 1156 loqui:
839 1118 931 1143 nam
947 1105 1028 1143 scio
1043 1105 1226 1157 Amyclas
1241 1106 1406 1145 tacendo
1422 1107 1592 1159 periisse.

789 1179 795 1187 '
833 1173 865 1208 L
878 1173 918 1209 X
930 1172 970 1207 X
981 1173 1000 1208 I
1009 1173 1057 1209 V.

319 1233 481 1271 Homini
499 1235 625 1273 amico
645 1248 690 1273 ac
711 1235 891 1274 familiari
910 1248 991 1273 non
1010 1244 1068 1273 est
1086 1236 1243 1274 mentiri
1261 1250 1408 1275 meum.

839 1303 871 1338 L
883 1302 922 1338 X
935 1302 974 1338 X
983 1302 1032 1338 V.

321 1364 428 1411 Quin
445 1364 709 1416 amplexetur,
730 1365 800 1417 qui
818 1365 913 1403 velit
925 1394 935 1412 ‚
954 1379 1027 1417 ego
1046 1379 1127 1404 non
1143 1365 1265 1404 sinam
1280 1380 1343 1405 me
1359 1365 1595 1419 amplectier.

830 1433 862 1467 L
875 1432 915 1467 X
927 1432 966 1467 X
976 1434 1010 1468 V
1021 1433 1052 1468 I.

318 1496 391 1531 Pro
411 1494 554 1532 obtuso
572 1507 639 1532 ore
657 1493 792 1546 pugil,
812 1495 1040 1545 piscinensis
1058 1508 1119 1532 res
1138 1504 1209 1533 est.

814 1562 846 1596 L
858 1561 898 1596 X
909 1562 949 1598 X
957 1563 991 1595 V
1002 1562 1020 1596 1
1033 1562 1063 1596 I.

317 1624 421 1662 Tirei
438 1623 622 1662 leontado
640 1632 679 1662 et
695 1624 857 1662 Pomani
879 1633 917 1662 et
932 1616 1085 1662 tliermo
1105 1625 1295 1662 Parnime.

799 1691 831 1727 L
844 1691 884 1727 X
897 1691 937 1727 X
946 1692 1010 1728 VI
1022 1691 1040 1726 Ι
1054 1692 1085 1726 Ι.

316 1755 404 1800 Qua
419 1741 544 1792 facere
563 1753 604 1791 id
622 1754 768 1805 possis,
789 1761 963 1792 nostram
984 1767 1091 1792 nunc
1109 1754 1242 1806 accipe
1259 1761 1446 1792 mentem.

820 1821 852 1856 L
865 1820 904 1856 X
920 1820 959 1856 X
971 1821 989 1855 Ι
1002 1820 1054 1856 X.

315 1881 481 1920 Pulchre
501 1882 651 1920 invitati
668 1895 824 1929 sumus,
842 1883 1071 1935 acceptique
1087 1883 1266 1936 benigne.

840 1950 872 1985 L
885 1950 924 1986 X
936 1949 975 1986 X
988 1949 1041 1986 X.

322 2038 599 2048 ...........
622 2012 670 2049 Et
687 2020 864 2049 ventrem
884 2021 923 2051 et
940 2021 1142 2065 gutturem
1160 2013 1356 2052 eumdem.

307 2131 363 2163 68.
380 2130 511 2170 Nonius
525 2141 532 2161 :
551 2130 718 2173 Repedare
726 2153 738 2168 ,
751 2130 834 2173 pede
850 2131 910 2162 ite·
1013 2139 1071 2172 74.
1098 2133 1291 2164 Lactantius
1310 2155 1331 2175 ,V
1348 2132 1464 2165 Instit.
1502 2132 1618 2164 Divin.

262 2196 344 2216 rare.
962 2185 1023 2216 lib.
1043 2188 1110 2224 VI,
1130 2197 1201 2228 cap.
1225 2188 1276 2217 18.
1319 2176 1325 2179 A

306 2240 364 2280 69.
384 2238 516 2271 Nonius
531 2249 538 2269 :
560 2237 760 2269 Coxendicas
769 2261 780 2276 ,
798 2249 907 2269 coxas.
1012 2239 1066 2278 75.
1079 2240 1286 2277 Priscianus,
1300 2239 1358 2270 lib.
1371 2236 1471 2270 vm.-
1485 2237 1617 2280 Ample-

305 2303 360 2333 70·
388 2295 501 2324 Festus
522 2303 530 2322 :
556 2292 779 2334 Remeligines
805 2299 840 2323 et
859 2303 910 2323 re-
962 2298 1079 2328 xetnr,
1098 2293 1352 2336 περιπλεκέσθω.

258 2358 378 2384 morae,
398 2357 416 2377 a
434 2346 598 2378 morando
616 2346 713 2377 dictae
731 2352 838 2377 sunt.-
1014 2343 1066 2382 76.
1086 2344 1221 2373 Festus:
1236 2343 1375 2373 Piscinae
1390 2341 1535 2384 publicae
1550 2340 1614 2373 ho-

307 2411 365 2441 71.
388 2403 525 2432 Festus:
551 2400 615 2431 Sub
641 2399 745 2431 ‘vitem
762 2397 914 2441 praeliari
965 2396 1084 2439 dieque
1102 2407 1227 2436 nomen
1245 2402 1366 2427 manet.

258 2454 419 2486 dicuntur
448 2454 570 2485 milites
580 2477 600 2492 ,.
612 2453 691 2485 ciun
722 2452 787 2485 sub
813 2452 912 2484 vinea
1016 2461 1070 2491 77.
1089 2450 1150 2481 Hic
1161 2450 1356 2492 locusplane
1371 2447 1616 2480 inextricabilis.

257 2507 393 2539 militari
412 2513 578 2549 pugnant.
1015 2506 1069 2545 78.
1087 2505 1201 2535 Acron
1212 2503 1249 2534 in
1261 2505 1375 2535 Horat.
1389 2502 1451 2534 lib.
1466 2504 1499 2541 1,
1511 2509 1569 2533 sat.
1584 2507 1616 2538 4.

306 2572 363 2599 72.
384 2563 536 2593 Donatus
560 2562 598 2592 in
623 2561 757 2593 Phorm.
776 2562 910 2592 Terent.
1013 2568 1068 2600 79.
1097 2557 1253 2590 Nonius:
1277 2556 1440 2595 Invitat-e,
1465 2566 1528 2598 pro
1558 2565 1614 2586 re-

257 2621 318 2645 act.
337 2617 396 2653 IV,
413 2627 458 2646 sc.
477 2617 507 2647 3.
963 2611 1060 2654 pleri.

306 2667 362 2705 73.
391 2668 520 2699 Servius
540 2691 549 2706 ‚
575 2668 614 2699 in
644 2669 678 2699 X
707 2667 845 2699 Aeneid.
869 2667 912 2699 ad
1014 2667 1068 2696 80.
1096 2664 1226 2699 Nouius
1246 2675 1255 2704 ;
1284 2664 1404 2697 Gutcur
1433 2661 1612 2696 masculini

255 2718 340 2750 illud
348 2720 437 2764 Virg.
446 2722 489 2753 Ec
494 2721 598 2755 tacitis
606 2721 910 2764 regnavitAmyclis.
965 2719 1104 2766 generis.
