1846 3184
291 308 377 350 218
426 307 566 350 JANI
589 306 853 349 DOUSAE
876 305 1101 349 SCHED.
1126 306 1211 349 AD
1237 307 1419 350 SULP.
1445 307 1576 351 SA'I'.

286 391 366 429 nici
391 390 508 428 edicti
538 390 821 441 proscriptione
851 379 991 441 procul
1021 389 1321 441 emigrantibus,
1343 389 1541 428 carissimo
1568 393 1642 429 Ca-

287 455 379 494 leno
391 485 402 503 ,
419 456 579 507 inquam
590 484 601 502 ,
615 458 749 492 Romae
768 468 884 505 porro
899 452 1033 492 lub'eat
1049 468 1273 506 permanere
1284 483 1294 501 ‚
1314 455 1403 492 coeli
1419 455 1552 494 Sabini
1566 455 1640 493 de-

284 521 472 559 siderium
483 548 494 566 ,
514 528 632 571 atque
650 518 848 557 urbanum
868 519 969 556 illud
985 527 1124 571 togatae
1141 520 1332 558 comitatis
1352 520 1478 558 otium
1492 520 1641 558 uxoriis

285 585 557 638 complexibus
582 583 813 635 praeferenti.
841 583 1008 632 Subjicit
1031 584 1168 623 eadem
1194 584 1300 622 haud
1324 584 1452 623 multo
1477 593 1566 637 post
1593 598 1643 623 ex

285 664 450 703 persona
466 649 661 698 Calliopes
676 648 946 699 respondentis
966 649 1039 687 sihi
1056 663 1065 686 ε

285 761 323 788 v.
344 746 413 804 67.
432 744 547 798 Nam
564 743 745 786 Laureta
758 743 912 785 Numae
922 776 934 797 ,
947 743 1175 802 fontesque
1189 744 1435 786 habitamus
1449 743 1639 798 eosdem,

431 809 510 862 Et,
529 809 686 850 comite
705 809 887 867 Aegeria
899 840 910 862 ,
929 807 1122 850 ridemus
1146 809 1292 850 inania
1313 809 1487 867 coepta.]

338 905 429 950 Quo
460 916 540 940 non
573 902 710 940 inscite
744 901 1039 940 accommodare
1072 902 1215 953 poteris
1245 902 1312 940 illa
1333 902 1536 940 -Juvenalis
1553 932 1563 949 ,
1595 916 1644 940 ex

286 977 355 1006 sat.
379 970 458 1015 ΠΙ,
480 968 530 1006 de
549 967 746 1005 Umbritio
768 968 897 1005 Roma
923 966 1060 1004 itidem
1081 961 1315 1018 emiffante,
1336 975 1375 1004 et
1393 967 1554 1019 quidem
1570 967 1640 1004 iis-

285 1034 376 1071 dem
400 1047 500 1084 pene
528 1032 794 1084 temporibus,
817 1032 867 1069 de
894 1032 1039 1083 quibus
1063 1031 1170 1082 apud
1194 1034 1348 1068 Musam
1372 1037 1484 1069 'suam
1498 1060 1509 1079 ,
1536 1039 1642 1070 tanta

285 1111 377 1136 cum
394 1098 660 1150 indignatione
675 1126 686 1144 ,
710 1097 888 1148 queritur
909 1096 1067 1135 heroina
1085 1097 1170 1134 haec
1188 1104 1343 1134 nostra:

522 1176 676 1208 Substitit
693 1176 734 1207 ad
751 1178 879 1207 ve'teres
897 1186 993 1207 arcus
1004 1198 1013 1214 ,
1026 1175 1256 1216 madidamque
1275 1175 1458 1217 Capenam:

520 1229 584 1260 Hic
603 1229 663 1260 ubi
681 1235 857 1260 noctnmae
875 1229 984 1260 Numa
1002 1227 1228 1259 constituebat
1246 1228 1372 1259 amicae.

522 1283 624 1314 Nunc
643 1282 726 1314 sacri
744 1282 846 1313 fontis
864 1293 981 1313 nemus
993 1304 1004 1322 ,
1019 1288 1052 1312 et
1070 1280 1207 1312 delubra
1224 1281 1384 1312 locantur

519 1336 540 1366 J
543 1335 646 1366 udaeis
657 1359 666 1374 ,
684 1346 830 1378 quorum
849 1335 1034 1377 cophinus,
1048 1335 1243 1376 foenumque
1261 1333 1420 1376 supellex.

521 1390 638 1421 Omnis
656 1391 746 1420 enim
765 1390 892 1432 populo
910 1389 1093 1420 mercedem
1111 1389 1255 1431 pendere
1271 1389 1363 1431 jussa
1381 1395 1431 1419 est

519 1443 647 1481 Arbor,
661 1451 694 1474 et
712 1444 824 1486 ejectis
842 1443 1006 1474 mendicat
1024 1443 1103 1474 silva
1122 1443 1294 1475 camoenis.

522 1499 565 1528 In
583 1497 701 1528 vallem
719 1497 866 1540 Aegeriae
885 1497 1136 1534 descendimus,
1155 1504 1217 1527 etc.

285 1566 494 1606 Concludit
507 1579 624 1619 porro
642 1566 929 1617 praesagitiones
947 1577 1035 1602 suas
1051 1564 1226 1615 Calliope
1245 1563 1467 1615 Sulpiciana
1478 1592 1489 1610 ,
1507 1565 1612 1602 aiens
1628 1579 1638 1601 :

282 1677 321 1705 v.
333 1662 402 1719 69.
414 1661 636 1715 Vive,vale
646 1676 655 1702 :
667 1671 811 1702 manet
821 1661 940 1702 hunc
949 1659 1182 1718 pulchrum
1193 1669 1267 1700 tua
1279 1639 1392 1700 fama
1405 1658 1634 1716 dolorem.]

335 1765 390 1800 At
416 1762 644 1800 concinnior
671 1761 856 1799 exstitura
884 1760 1072 1801 sententia
1096 1759 1275 1806 videtur,
1299 1758 1355 1804 si,
1379 1771 1476 1804 sua,
1503 1758 1636 1809 potius

283 1827 529 1866 rescribatur.
548 1826 671 1865 Addit
690 1834 888 1878 postremo
907 1824 1085 1877 promissi
1105 1824 1167 1861 sui
1185 1822 1494 1875 praestationem:

518 1905 691 1935 Musarum
703 1904 844 1946 spondet
860 1903 984 1935 chorus
993 1926 1005 1940 ,
1019 1909 1052 1934 et
1066 1904 1237 1933 Romanus
1249 1900 1384 1943 Apollo.

282 1977 445 2024 Propter
459 1972 583 2011 aedem
598 1973 791 2024 Apollinis
808 1972 971 2010 Palatini
995 1971 1141 2010 scilicet
1151 1999 1162 2017 ‚
1183 1983 1229 2008 ac
1245 1969 1525 2018 bibliothecam
1540 1968 1639 2007 inibi

284 2038 335 2076 ab
349 2041 526 2089 Augusto
538 2037 771 2088 jampridem
790 2045 1071 2074 consecratam:
1091 2049 1169 2087 qua
1187 2035 1236 2072 de
1252 2047 1294 2072 re
1311 2034 1425 2086 plura
1436 2047 1637 2072 commen-

284 2103 466 2143 tariolum
485 2111 662 2142 nostrum
679 2101 955 2148 Horatianum,
977 2102 1046 2153 qui
1062 2100 1189 2147 volet,
1209 2099 1415 2138 consulito.
