1846 3184
271 283 378 335 262¹
530 281 575 322 C.
614 279 879 324 LUclLll
915 279 1339 325 FRAGMENTA

873 364 962 401 XX
974 365 1006 401 Ι.

321 427 469 466 Eodem
490 427 647 480 pactolo
666 428 815 479 gannis.

785 573 1102 586 mmmm

425 681 519 724 EX
561 679 780 723 LIBRO
823 679 961 726 VIII
1000 678 1442 727 SATIRARUM.

924 814 956 850 1.

323 878 560 916 Gallinaceu'
579 878 670 914 cum
689 877 813 914 victor
832 891 871 914 se
891 876 1018 928 gallus
1037 876 1201 915 honeste

322 942 489 981 Sustulit
507 941 549 979 in
567 941 710 992 digitos
721 970 732 988 ‚
753 941 1022 993 primoresque
1043 942 1155 993 erigit
1172 955 1336 996 ungues.

911 1009 930 1043 Ι
943 1009 974 1044 Ι.

324 1075 423 1110 Cum
443 1071 559 1123 poclo
580 1071 674 1109 bibo
697 1071 836 1110 eodem
848 1100 858 1117 ‚
876 1072 1091 1123 amplector
1103 1100 1114 1118 ‚
1130 1071 1239 1109 labra
1255 1071 1408 1110 labellis

322 1138 488 1188 Fingens
507 1150 724 1188 compono,
745 1136 819 1187 hoc
838 1145 895 1174 est
909 1166 919 1182 ‚
938 1135 1030 1174 cum
1049 1135 1312 1184 ψωλοκοποῦμαι.

898 1204 917 1239 I
930 1204 948 1238 I
962 1203 992 1238 I.

324 1269 470 1304 Verum
490 1264 636 1304 flumen
655 1266 714 1304 uti
725 1296 736 1313 ‚
752 1275 870 1318 atque
887 1266 973 1318 ipso
989 1266 1155 1304 divortio
1173 1280 1362 1318 aquarum
1373 1294 1385 1312 ,

323 1331 457 1382 Ilignis
478 1331 647 1383 pedibus
667 1345 872 1369 cercurum
892 1332 1063 1369 concinit
1083 1332 1217 1383 aequis.

907 1398 925 1432 I
937 1398 983 1432 V.

333 1488 581 1498 ..........
600 1460 718 1507 Quod
737 1460 878 1512 gracila
894 1469 951 1498 est
961 1489 972 1506 ‚
989 1461 1141 1512 pernix,
1159 1460 1269 1512 quod
1282 1469 1441 1511 pectore
1457 1474 1560 1513 puro
1572 1489 1585 1507 ‚

325 1526 442 1570 Quod
463 1539 586 1577 puero
607 1525 755 1562 similis.
883 1575 885 1577 ι

920 1591 968 1626 V.

325 1657 502 1702 Quarum
523 1662 562 1693 et
579 1654 825 1692 abundemus
844 1667 976 1691 rerum
987 1682 999 1700 ,
1016 1662 1055 1692 et
1073 1667 1240 1705 quarum
1258 1643 1516 1705 indigeamus.

906 1721 984 1756 VI.

326 1786 428 1821 Tum
448 1797 640 1836 compone
659 1784 762 1822 latus
780 1783 911 1829 lateri,
928 1792 967 1821 et
985 1797 1076 1821 cum
1096 1791 1252 1834 pectore
1271 1791 1423 1833 pectus.

897 1851 931 1886 V
941 1851 959 1885 Ι
972 1850 1003 1885 Ι.

325 1913 367 1950 Si
386 1926 502 1950 omne
522 1913 595 1950 iter
615 1913 765 1960 evadit,
783 1913 1031 1964 stadiumque
1045 1912 1188 1950 acclive
1206 1910 1378 1953 tolutim.

877 1980 911 2013 V
923 1980 941 2014 I
956 1980 973 2014 I
987 1980 1017 2014 I.

325 2042 470 2082 Sallere
489 2054 679 2079 muraenas
694 2071 705 2088 ,
724 2055 897 2080 mercem
914 2043 955 2080 in
978 2042 1159 2094 frigdaria
1179 2042 1290 2080 ferre.

323 2197 377 2217 21.
391 2184 540 2216 Nonius:
554 2184 662 2216 Etiam
675 2183 855 2214 humanam
867 2195 926 2215 vo-
1028 2189 1059 2220 l..
1076 2183 1207 2214 Nouius
1221 2194 1229 2213 :
1251 2183 1383 2214 Gracila
1402 2194 1465 2226 pro
1483 2183 1625 2226 gracilis.

274 2250 346 2271 cem
358 2238 518 2270 nonnulli
527 2238 702 2280 gannitum
715 2244 937 2269 vocaverunt..
1030 2235 1059 2266 5.
1078 2236 1228 2266 Nonius:
1245 2235 1404 2266 Genitifaus
1420 2237 1550 2277 positus
1565 2246 1628 2277 pro

327 2305 354 2324 1.
378 2294 512 2325 Nonius
534 2303 541 2323 :
565 2292 695 2323 Priores
717 2299 750 2323 et
768 2291 928 2334 primores
980 2288 1132 2319 ablativo.

235 2351 238 2354 “
273 2346 360 2378 hanc
379 2348 505 2378 habent
531 2347 755 2378 diversitatem
771 2358 779 2377 z
797 2346 925 2388 priores
1027 2342 1059 2373 6.
1078 2342 1228 2373 Nonius:
1250 2341 1445 2382 Componere
1453 2363 1464 2378 ,
1480 2340 1627 2383 conjun-

273 2402 362 2432 enim
375 2401 593 2444 comparativi
606 2409 686 2432 suut
698 2400 822 2444 gradus
831 2411 840 2439 3
849 2397 925 2442 pri-
978 2407 1064 2441 gere.

275 2466 395 2491 mores,
416 2465 555 2485 summae
573 2465 715 2496 quaeque
734 2464 794 2484 res.
1027 2458 1058 2487 7.
1071 2447 1221 2479 Nonius:
1239 2443 1375 2476 Tolutim
1393 2444 1519 2476 dicitur
1532 2444 1629 2487 quasi

324 2518 354 2538 2.
375 2507 530 2539 Nonius:
554 2507 691 2550 Fingere
712 2514 760 2537 est
776 2506 926 2549 jungere.
952 2502 955 2505 '
981 2501 1120 2533 volntim
1133 2507 1166 2531 et
1177 2498 1376 2531 volubiliter.

275 2560 384 2592 Idem:
402 2561 599 2603 Componere
615 2568 663 2592 est
676 2560 888 2604 conjungere.
1029 2557 1059 2586 8.
1083 2555 1267 2587 Priscianus
1279 2549 1294 2592 ‚¹
1309 2553 1368 2584 lib.
1400 2554 1434 2584 X
1447 2564 1454 2583 :
1482 2549 1607 2583 Sallere
1615 2574 1627 2590 ,

325 2611 355 2640 3·
387 2612 518 2643 Nonius
534 2624 542 2642 :
569 2612 725 2643 Cere-urus
757 2612 851 2643 navis
877 2617 927 2643 est
978 2619 1048 2640 non
1060 2619 1079 2639 a
1097 2607 1195 2645 salio,
1209 2606 1266 2638 sed
1283 2605 1609 2649 sallo.—-Frigdaria
1620 2627 1632 2642 ,

276 2662 396 2694 Asiana
412 2665 624 2709 praegrandis.
764 2694 767 2697 .
977 2673 1040 2706 pro
1055 2660 1230 2704 frigidaria.
