1846 3184
270 268 325 312 88

601 271 654 312 A.
690 271 935 313 PERSII
972 272 1229 315 FLACCI

325 351 540 394 Faucibus
559 363 784 409 exsuperat
802 353 939 410 gravis
955 353 1132 395 halitus:
1154 354 1337 411 inspice,
1353 353 1497 408 sodes,

326 427 413 479 Qui
429 426 533 468 dicit
549 427 717 469 medico
727 460 738 481 ,
751 429 892 484 jussus
908 429 1172 486 requiescere
1187 461 1199 482 ‚
1217 440 1444 487 postquam

1555 446 1603 479 9⁰

327 503 472 544 Tertia
489 504 740 560 compositas
756 503 864 544 vidit
881 519 968 546 nox
984 519 1156 546 currere
1174 520 1300 546 venas
1314 536 1326 557 ,

324 579 390 621 De
405 580 564 635 majore
581 579 711 621 domo
728 579 896 622 modice
913 580 1083 622 sitiente
1101 581 1247 638 lagena
1261 613 1275 634 ,

323 656 456 697 Lenia
475 656 618 697 loturo
642 656 726 696 sibi
748 656 999 697 Surrentina
1022 658 1200 716 rogavit.

326 731 464 783 Heus,
481 731 594 773 bone
604 763 616 784 ‚
633 741 680 772 tu
692 731 845 789 palles!
862 732 983 774 Nihil
998 743 1073 774 est.
1088 732 1242 775 Videas
1255 743 1397 774 tamen
1413 731 1527 774 istud

265 868 472 916 Respondet
487 870 614 904 doctor
632 869 764 903 stoicus
782 877 908 903 centu-

265 923 361 957 rioni
374 932 410 957 et
422 923 568 957 hircosae
583 923 679 969 genti
693 947 703 964 ‚
717 922 907 956 ostendens

266 989 287 1011 a
304 975 537 1010 similitudine
553 976 735 1010 hominem
750 977 908 1022 philoso-

265 1029 361 1075 phiae
391 1037 648 1075 repugnantem
674 1041 747 1062 esse
775 1037 907 1074 aegroto

265 1081 417 1115 similem
452 1081 581 1114 medici
618 1081 773 1114 consiliis
806 1081 909 1115 resis-

267 1134 380 1177 tenti;
395 1133 457 1168 sed
476 1133 559 1168 vide
580 1147 660 1180 quae
681 1134 905 1177 notavimus,

265 1198 299 1218 v.
315 1196 373 1231 77.
384 1205 430 1210 —-
440 1186 552 1217 Nescio
575 1187 657 1227 quid
675 1187 816 1228 trepidae
830 1199 907 1228 pec-

265 1247 325 1270 tus.
350 1236 478 1270 Cordis
503 1237 690 1283 palpitatio
717 1245 753 1270 et
776 1238 907 1272 halitus

265 1290 391 1336 gravis,
399 1299 634 1337 symptomata
646 1299 728 1324 sunt
740 1291 908 1335 gravioris

266 1343 397 1376 morbi.
410 1347 511 1375 —Et
531 1346 624 1387 aegris
636 1345 801 1387 faucibus.
825 1345 906 1377 Non

265 1396 366 1429 aliter
379 1387 477 1442 aegrae
498 1397 613 1430 fauces
624 1421 635 1438 ‚
654 1402 760 1443 quam
776 1397 821 1430 ob
837 1409 907 1430 res-

264 1446 408 1495 pirandi
435 1449 684 1483 difficultatem
696 1474 708 1490 ‚
727 1448 907 1495 quidquid

265 1502 434 1538 nonnulli
451 1502 613 1536 sentiant.
629 1503 671 1537 C.
685 1511 721 1536 et
734 1503 773 1536 P.

314 1567 373 1599 90.
393 1558 456 1597 Qui
474 1558 553 1588 dicit
571 1558 717 1600 medica]
736 1557 907 1602 Aegrotus

264 1608 474 1654 scilicet‚qui
482 1607 662 1642 medicum
672 1610 910 1649 accersiverat,

266 1662 375 1707 eique
397 1661 532 1695 dixerat
547 1675 555 1695 :
569 1661 723 1707 inspice:
739 1674 805 1695 cur
818 1662 908 1695 male

266 1714 381 1750 habeo
407 1713 423 1747 Ρ
453 1715 582 1761 accipit
614 1714 820 1750 mandatum
856 1728 910 1749 re-

268 1766 500 1813 quiescendi,
527 1775 564 1801 et
593 1780 613 1801 a
642 1767 723 1802 cibo
754 1776 788 1802 et
817 1777 909 1814 potu

267 1816 503 1862 temperandi.
514 1838 561 1843 -——
575 1821 680 1851 Iussus
704 1820 910 1861 requiescere.

267 1869 393 1904 Senec.
404 1869 448 1903 de
460 1871 515 1904 Ira
525 1896 535 1912 ,
550 1871 610 1904 lib.
623 1871 681 1904 III
696 1884 704 1904 ε
718 1873 815 1903 Initia
826 1885 912 1905 mor·

267 1921 382 1957 borum
395 1924 483 1966 quies
499 1933 600 1957 curat.
614 1923 655 1958 P.

303 1985 374 2018 .9ῐ.
397 1968 693 2018 Composicas‘vidit
706 1989 774 2009 nox
785 1990 914 2010 currere

266 2025 395 2072 venas]
427 2027 628 2074 Metonym.
663 2027 699 2061 id
728 2037 779 2061 est
789 2054 799 2070 ‚
829 2031 911 2062 cum

265 2080 349 2126 jam,
359 2080 463 2114 tertia
474 2087 590 2120 nocte,
599 2080 690 2114 vidit
699 2094 804 2114 venas
815 2091 850 2116 et
860 2094 912 2115 ar-

268 2131 374 2165 terias
386 2132 527 2178 pulsare
540 2133 914 2178 aequabilsten—Com-

262 2186 394 2228 positas.
411 2185 511 2219 Κατὰ
525 2186 583 2222 τὴν
594 2187 683 2231 φύσιν
694 2187 828 2230 ἐχούσας
841 2195 849 2216 :
863 2187 912 2220 ita

267 2248 362 2283 saepe
381 2237 619 2283 compositum
646 2236 796 2279 dicitur,
812 2237 912 2283 quod

270 2289 526 2324 convenienter
537 2298 674 2335 naturae
690 2302 726 2323 se
738 2290 858 2323 habet.
866 2310 913 2316 —

270 2343 414 2377 currere.
425 2342 565 2389 Vulgus
573 2342 680 2377 etiam
690 2342 913 2379 medicorum

958 882 1066 904 venas
1084 869 1250 904 dicebant
1271 883 1499 918 currere,pro
1521 869 1601 917 pul-

959 935 1048 956 sare.
1071 922 1119 955 C.

1007 986 1065 1018 9²·
1080 977 1129 1006 De
1141 976 1263 1019 majore
1275 976 1394 1019 domm]
1405 975 1538 1009 Contra
1547 987 1606 1009 va-

959 1026 1159 1060 letudinem
1180 1026 1234 1059 his
1255 1035 1391 1072 peccat.
1416 1026 1536 1061 Primo
1552 1027 1607 1061 vi-

960 1091 1047 1111 num
1059 1079 1150 1112 bibit
1162 1086 1242 1112 ante
1255 1079 1487 1121 lavationem,
1503 1077 1606 1125 quod

958 1132 996 1164 in
1015 1132 1216 1165 salubribus
1239 1132 1428 1178 praeceptis
1450 1132 1606 1165 vetitum

959 1192 1034 1218 erat
1048 1196 1059 1226 ;
1080 1182 1211 1218 deinde
1223 1208 1234 1225 ,
1250 1184 1385 1218 balneis
1411 1184 1539 1217 utitur.
1559 1184 1605 1218 In

960 1244 1118 1281 utroque
1128 1240 1213 1269 ‘casu
1223 1261 1233 1278 ,
1248 1248 1423 1282 aegrorum
1433 1235 1608 1282 intempe-

959 1288 1108 1321 rantiam
1139 1289 1269 1334 passim
1306 1287 1437 1322 medici
1466 1297 1608 1323 veteres

960 1349 1135 1375 accusant.
1143 1345 1244 1374 ——‘De
1256 1343 1379 1386 majore
1390 1343 1495 1374 domo.
1510 1340 1607 1375 Petit

960 1395 1004 1428 ab
1013 1394 1133 1440 aliquo
1143 1394 1254 1428 divite
1265 1395 1464 1434 amico,sibi
1472 1394 1609 1435 loturo,

958 1448 1039 1482 vina
1060 1447 1270 1482 Surrentina
1282 1473 1293 1489 ‚
1306 1448 1345 1490 in
1364 1447 1538 1482 mediocri
1555 1447 1607 1481 la-

958 1512 1046 1546 gena
1056 1524 1067 1541 ‚
1080 1500 1119 1533 id
1135 1509 1198 1542 est,
1212 1501 1289 1534 vini
1302 1500 1505 1534 Surrentini
1519 1512 1607 1546 pau-

959 1552 1099 1585 xillum.
1113 1573 1158 1580 --
1172 1555 1298 1586 Modice
1325 1555 1448 1587 sitiente
1476 1552 1606 1598 [agend.

961 1606 1167 1652 Metaphora
1179 1631 1190 1647 ‚
1202 1619 1280 1653 *pro
1306 1618 1386 1640 vase
1414 1605 1608 1640 mediocris

961 1659 1170 1704 capacitatis.
1180 1660 1274 1693 Vina
1292 1659 1388 1693 enim
1410 1659 1608 1705 exquisitis-

961 1711 1047 1745 sima
1061 1711 1199 1746 modice
1212 1712 1465 1758 largiebantur.
1480 1712 1517 1745 C.
1525 1720 1560 1745 et
1567 1711 1608 1745 P.

1009 1764 1067 1810 93.
1091 1767 1203 1799 lenia.
1213 1790 1221 1797 .
1233 1789 1240 1797 .
1251 1790 1260 1799 .
1278 1763 1489 1809 Surrentina]
1512 1764 1609 1798 Vina

963 1825 1083 1850 vetera
1110 1824 1145 1850 et
1171 1824 1309 1850 matura
1323 1842 1334 1859 ‚
1359 1816 1609 1850 convalescen-

966 1869 1064 1903 tibus
1084 1869 1219 1915 optima
1232 1893 1243 1909 ‚
1263 1869 1400 1916 quippe
1428 1881 1508 1915 quae
1526 1876 1611 1914 post

966 1935 1101 1956 annum
1125 1922 1334 1958 vicesimum
1358 1922 1530 1968 quintum
1553 1921 1610 1955 bi-

966 1975 1152 2009 berentur.
1166 1974 1260 2008 Plin.
1281 1983 1317 2008 et
1335 1973 1466 2008 medici
1481 1973 1609 2007 Graeci.

965 2028 1213 2060 -Surrencina.
1223 2026 1426 2061 Surrentini
1439 2025 1546 2060 colles
1559 2037 1611 2059 sa-

966 2080 1082 2114 lubris
1105 2080 1182 2116 vini
1212 2081 1365 2122 feraces,
1384 2090 1499 2125 prope
1521 2078 1610 2112 Sur-

966 2141 1130 2173 rentum,
1147 2132 1347 2179 Campaniae
1365 2131 1491 2169 urbem
1506 2130 1611 2164 mari-

964 2185 1098 2220 timam.
1118 2185 1160 2221 P.

1013 2242 1068 2282 94¹.
1078 2241 1173 2276 Heus,
1186 2241 1277 2276 bone,
1288 2247 1322 2269 tu
1329 2239 1435 2280 palles
1445 2238 1474 2279 l]
1483 2235 1611 2282 Inquit

965 2289 1138 2323 medicus.
1155 2309 1202 2315 —-
1218 2291 1311 2321 Nihil
1330 2299 1383 2321 est.
1402 2286 1610 2334 Respondet

966 2351 1134 2389 aegrotus,
1166 2342 1272 2376 Hunc
1301 2342 1424 2375 locum
1453 2341 1504 2374 sic
1534 2353 1611 2375 non

316 2473 359 2501 V.
378 2471 432 2513 89.
449 2472 639 2513 Exsuperat.
660 2473 708 2502 Ita
721 2477 787 2502 vet.
808 2470 913 2502 schol.
939 2470 1038 2502 codd.
1058 2470 1215 2502 Mazarin.
1234 2469 1390 2501 Fauchet.
1410 2475 1442 2500 et
1460 2475 1525 2499 tres
1541 2469 1610 2500 alii‘

272 2524 388 2554 Caeteri
397 2546 406 2561 ‚
421 2523 544 2565 quibus
559 2525 783 2568 assentiuntur
798 2523 872 2554 cod,
884 2530 999 2554 noster
1011 2530 1044 2554 et
1057 2523 1134 2553 edit.
1147 2523 1260 2554 Aldin„
1273 2522 1437 2553 exuberat.
1448 2520 1614 2553 Nonnulli

271 2576 353 2608 editi
367 2577 444 2607 libri
461 2577 606 2607 exsudat.
621 2577 824 2608 Praeferenda
842 2577 973 2608 videtur
990 2576 1087 2607 lectio
1103 2576 1206 2618 prior.

317 2647 359 2676 V.
385 2647 439 2686 93.
455 2646 594 2690 Rogavit.
612 2646 718 2678 Codd.
738 2647 825 2677 8050
844 2652 877 2677 et
897 2646 986 2676 8055
997 2668 1007 2684 ‚
1021 2645 1153 2688 rogabit.
1170 2645 1315 2677 Britann.
1337 2644 1466 2691 rogaris.
1479 2644 1615 2679 Caeteri²

276 2698 404 2742 rogavit.
422 2701 470 2732 Ita
490 2710 624 2744 quoque
643 2699 716 2732 cod.
736 2706 865 2738 noster,
882 2706 915 2733 et
931 2699 1006 2734 edit.
1023 2698 1097 2731 Ald.
1118 2699 1217 2732 1535.
