1846 3184
320 326 404 371 270
576 314 626 355 e.
667 313 935 357 Luc11211
970 314 1399 360 FRAGMENTA

950 401 970 436 I
980 402 1028 437 V.

368 463 514 499 Praetor
530 469 662 499 noster
679 461 808 499 adhuc
828 460 947 513 quum
969 466 1126 515 spurcu'
1145 473 1180 502 st
1195 479 1282 511 ore,
1302 466 1412 517 quod
1427 478 1563 505 omnes

368 527 484 563 Extra
501 534 640 570 castra,
660 534 706 563 ut
727 528 884 573 stercu',
906 528 1008 565 foras
1029 530 1142 580 ejecit
1161 530 1210 567 ad
1229 544 1366 568 unum.

965 594 1012 629 V.

368 654 556 705 Scipiadae
575 666 715 704 magno
735 634 938 705 improbus
957 655 1164 707 oinciebat
1181 659 1358 706 Asellus,

367 722 554 756 Lustrum
568 747 579 764 ‚
601 718 671 756 illo
691 724 875 766 contere,
895 720 1045 759 malum
1064 722 1279 775 infelixque
1295 724 1426 762 fuisse.

514 791 518 796 '
949 788 986 823 V
996 787 1028 822 1.

374 875 995 886 ·······················

1013 878 1210 887 ........
1233 853 1282 888 Et
1293 853 1375 903 jam

365 912 565 964 Conjicere
582 913 624 950 in
639 927 774 951 versus
793 913 943 952 dictum
962 915 1150 966 praeconi’
1165 915 1344 953 volebam

366 976 499 1014 Grani.
561 977 563 979 ’

931 1047 967 1082 V
976 1046 995 1081 I
1008 1046 1028 1081 I
1033 1072 1042 1080 .

364 1109 586 1145 Conventus
604 1107 790 1159 pulcher,
807 1108 932 1146 bracae
948 1136 959 1155 ‚
979 1121 1088 1159 saga,
1107 1108 1258 1161 fulgere
1275 1117 1437 1161 torques

361 1173 507 1224 Magni.

913 1239 1056 1276 VIII.

371 1330 993 1340 ························

1012 1331 1126 1340 .....
1149 1303 1342 1354 Viamque

362 1365 618 1404 sternendam
639 1374 678 1403 et
691 1366 915 1418 jaciendum
934 1366 1012 1404 huc
1031 1380 1230 1418 aggerem,
1249 1376 1288 1405 et
1303 1366 1344 1405 id
1359 1368 1472 1419 genu'
1490 1367 1623 1405 ruduS.

944 1433 963 1468 I
977 1433 1029 1469 X.

359 1497 496 1533 Annos
512 1493 576 1531 hic
597 1502 696 1531 errat
709 1495 789 1546 jam
809 1494 942 1546 plures
960 1495 1095 1541 miles,
1115 1495 1289 1546 hyberna

359 1561 577 1599 Nobiscum
597 1568 734 1598 meret.

958 1626 1010 1662 X.

358 1691 456 1729 Inde
474 1691 580 1728 venit
593 1692 761 1727 Romam
780 1697 890 1727 tener
906 1689 988 1740 ipse

1008 1689 1125 1728 etiam
1142 1697 1260 1741 atque
1275 1689 1446 1741 puellus.

940 1755 980 1791 X
993 1756 1026 1791 Ι.

356 1822 437 1857 Nec
454 1819 551 1857 mihi
570 1827 740 1857 amatore
761 1818 837 1857 hoc
860 1821 972 1871 opu’,
992 1832 1065 1857 nec
1082 1819 1231 1857 tricone
1247 1818 1400 1857 vadato.

557 1883 559 1885 ’
921 1886 962 1922 Χ
973 1886 992 1920 Ι
1005 1886 1037 1920 Ι.

355 1951 391 1986 N
393 1962 444 1986 on
455 1948 614 1986 laudare
626 1950 828 1987 hominem
844 1962 1098 2000 quemquam3
1110 1962 1239 2000 neque
1251 1963 1320 1986 mu
1332 1948 1458 1987 facere
1469 1956 1659 2001 unquam.

353 2092 388 2123 4.
407 2085 559 2117 Nonius:
579 2086 754 2126 Spurcum,
776 2084 875 2115 etiam
893 2084 956 2115 foe-

303 2139 421 2171 tidum.

353 2194 383 2224 5.
408 2194 450 2224 A.
473 2192 600 2224 Gellius
613 2215 622 2231 ‚
640 2191 699 2222 lib.
719 2193 779 2229 IV,
796 2201 865 2232 cap.
892 2202 929 2230 ¹7
946 2202 952 2221 ε

306 2245 504 2291 objiciebat,
515 2257 534 2276 o
542 2245 649 2276 littera
657 2244 822 2287 producta
833 2243 955 2274 multos

302 2301 411 2343 legere
438 2299 561 2345 audio;
582 2294 683 2341 idque
705 2309 745 2329 eo
771 2296 876 2328 facere
898 2297 953 2327 di-

303 2361 387 2385 cunt
397 2377 406 2392 ,
417 2360 462 2384 -ut
477 2352 563 2384 ratio
578 2351 711 2383 numeri
728 2351 815 2382 salva
829 2350 881 2381 sit.

350 2408 382 2438 6.
404 2408 446 2439 A.
471 2406 619 2444 Gellius,
637 2405 697 2436 lib.
722 2406 782 2443 lv,
802 2415 872 2446 cap.
893 2414 951 2444 17:

302 2463 345 2492 Iu
357 2461 424 2492 hoc
438 2460 546 2503 prima
560 2459 654 2491 verbi
669 2458 862 2502 praepositio
875 2468 956 2500 pro-

300 2514 446 2546 ducitur.

351 2579 381 2607 7.
399 2567 550 2599 Nonius:
565 2567 719 2610 Fulget-e,
733 2577 798 2608 pro
814 2563 950 2609 fulgore.

260 2658 263 2661 η
339 2613 380 2650 18.
401 2622 534 2652 Nonius
547 2632 553 2652 :
567 2620 695 2658 Rudas,
715 2626 843 2651 stercus
859 2618 952 2663 quod

303 2672 441 2703 raditur.

349 2735 383 2768 9.
403 2728 554 2760 Nonius:
570 2730 692 2767 Blerec,
710 2727 838 2760 militat.

1062 2096 1113 2116 ιο.
1135 2085 1341 2123 Priscianus,
1358 2084 1417 2115 h'b.
1431 2086 1499 2116 VI:
1513 2085 1594 2116 Non
1612 2092 1661 2116 est

1009 2143 1119 2167 tamen
1134 2137 1356 2179 ignorandum
1364 2160 1374 2176 ,
1386 2137 1478 2180 quod
1493 2132 1591 2169 etiam
1602 2137 1660 2169 hic

1005 2201 1144 2231 puerus,
1159 2190 1216 2220 hie
1241 2197 1275 2221 et
1295 2190 1368 2222 haec
1382 2202 1485 2232 puer,
1502 2190 1659 2222 vetustis—

1007 2243 1081 2272 simi
1093 2243 1270 2284 protulisse
1280 2243 1516 2280 inveniuntur,
1527 2242 1658 2284 etpuel-

1007 2295 1057 2326 Ius
1073 2302 1106 2327 et
1117 2295 1241 2336 puella.
1452 2299 1455 2304 '

1056 2343 1108 2380 11¹.
1126 2349 1275 2381 Nonius:
1297 2349 1399 2380 Dricae
1415 2355 1494 2380 sunt
1514 2348 1658 2391 impedi-

1004 2410 1114 2435 menta
1123 2409 1155 2434 et
1163 2402 1401 2445 implicationes
1411 2426 1421 2439 ‚
1435 2410 1468 2433 et
1481 2402 1655 2440 intricare,

1006 2457 1185 2500 impedire,
1200 2455 1323 2487 morari
1342 2467 1349 2486 :
1369 2455 1465 2486 dictae
1488 2456 1585 2497 quasi
1606 2462 1656 2487 te-

1006 2512 1109 2549 ricae3
1131 2509 1223 2553 quod
1243 2508 1355 2551 pullos
1379 2508 1578 2552 gallinaceos
1601 2509 1656 2540 iu-

1005 2563 1138 2594 volvant
1150 2569 1183 2593 et
1193 2560 1375 2604 impediant
1388 2560 1499 2602 capilli
1510 2559 1655 2603 pedibus

1003 2616 1174 2660 implicati.

1055 2681 1110 2702 ια.
1124 2669 1308 2710 Charisius,
1320 2669 1380 2702 lib.
1392 2669 1443 2701 11:
1459 2665 1655 2710 Mufacere,

1004 2735 1067 2768 pro
1079 2723 1213 2756 mutire.
1493 2725 1496 2729 ⁴
