1846 3184
186 374 199 383 ,Α
265 317 348 360 308
514 318 561 360 c,
597 304 1320 367 mani-FRAdMENTA

836 405 876 441 Χ
886 384 927 442 Χ
940 405 960 441 1
972 406 1024 442 Χ.

251 468 253 470 ’
315 466 365 502 Et
383 464 465 503 sola
483 477 530 503 ex
546 465 683 504 multis
699 479 804 505 nunc
821 476 952 506 nostra
968 473 1145 520 poemata
1163 470 1265 509 ferri.

857 534 897 569 X
908 534 947 569 X
957 535 1008 570 X.

311 595 426 633 Nunc
442 597 509 633 Cai
529 595 715 647 quoniam
732 594 896 634 incilans
912 609 985 635 nos
1001 597 1104 635 laedi'
1118 599 1299 638 vicissim.

839 662 879 697 X
890 662 931 698 X
942 662 982 698 X
993 663 1025 698 I.

311 725 360 761 Et
381 737 450 761 sua
467 724 686 774 perciperet
704 731 810 762 retro
829 724 962 762 relicta
980 725 1117 774 jacere.

530 789 534 795 '
824 791 863 826 X
875 791 915 826 X
928 791 968 826 X
980 791 999 826 Ι
1012 792 1044 828 Ι.

310 853 411 890 Cum
430 865 493 890 me
512 851 589 890 hoc
609 860 785 904 tempore
803 861 970 905 nugator
987 867 1220 906 cognoscere
1234 869 1315 895 non
1327 858 1395 896 vis.

808 920 848 955 X
859 920 898 955 X
910 920 949 957 X
962 921 981 955 I
995 921 1014 956 Ι
1027 921 1058 956 I.

308 981 545 1020 Summatim
564 990 693 1020 tamen
711 983 887 1034 experiar
902 983 1112 1022 rescribere
1128 985 1274 1035 paucis.

822 1050 861 1085 X
873 1050 914 1086 X
925 1049 964 1086 X
977 1050 995 1085 Ι
1004 1050 1052 1085 V.

308 1110 436 1162 quue
455 1111 532 1148 tuis
550 1111 659 1149 saevis
678 1112 787 1149 sactis
799 1141 809 1159 ,
828 1121 867 1149 et
884 1112 1051 1150 tristibu’
1070 1113 1196 1151 dictis.

800 1181 806 1189 '
833 1179 870 1214 X
882 1179 921 1214 X
934 1179 972 1214 X
982 1179 1029 1214 V.

308 1241 483 1279 Neminis
502 1241 658 1293 ingenio
677 1247 917 1293 quemquam
936 1242 1131 1281 confidere
1150 1251 1315 1294 oportet.

818 1309 855 1346 X
868 1308 907 1344 X
919 1309 958 1345 X
966 1310 1000 1344 V
1010 1309 1041 1345 Ι.

309 1371 351 1409 Si
369 1371 483 1408 liceat
502 1370 648 1417 facere,
664 1379 781 1423 atque
797 1371 873 1409 hoc
888 1372 1055 1409 versibu'
1070 1372 1233 1410 reddere
1244 1403 1255 1421 ‚
1275 1374 1384 1425 quod
1402 1374 1467 1413 do.

801 1438 840 1473 X
854 1439 892 1473 X
904 1438 942 1473 X
953 1439 986 1472 V
998 1439 1016 1473 I
1029 1438 1064 1473 1.-

310 1499 437 1538 Sicuti
454 1508 513 1546 te,
537 1500 630 1551 quia
647 1513 712 1546 ea,
734 1513 821 1551 quae
849 1501 1018 1550 speciem
1039 1501 1127 1539 vitae
1145 1510 1329 1552 putamus
1345 1516 1441 1542 esse.

787 1566 826 1602 Χ
837 1566 877 1602 Χ
888 1567 929 1603 Χ
938 1566 973 1601 v
982 1566 1002 1601 1
1016 1566 1035 1601 1
1049 1557 1079 1602 1‘.

311 1631 432 1667 Secus
450 1641 543 1666 cum
561 1641 582 1666 e
603 1628 735 1666 medio
754 1642 799 1666 ac
817 1628 914 1667 ludo
933 1629 1033 1667 hene
1053 1631 1163 1681 potu’
1181 1632 1350 1670 recessit.
1386 1656 1389 1662 «

810 1695 851 1730 Χ
862 1696 901 1731 Χ
913 1696 952 1731 Χ
963 1696 982 1731 Ι
994 1696 1044 1731 Χ.

309 1758 443 1796 Calvu’
464 1758 636 1797 Palatina
648 1788 659 1806 ‚
676 1758 735 1796 vir
744 1758 914 1805 nobilis,
936 1771 980 1796 ac
997 1758 1120 1797 honu’
1136 1759 1256 1798 bello.

882 1825 923 1861 X
934 1825 978 1861 L.

311 1888 358 1924 Et
371 1900 479 1933 *saevo
495 1916 506 1934 ‚
523 1880 567 1925 ac
586 1888 687 1926 duro
708 1887 750 1926 in
765 1887 874 1926 bello
894 1887 1023 1927 multo
1041 1889 1214 1941 optimus
1230 1889 1365 1929 hostis.

865 1956 904 1991 X
917 1955 948 1990 L
961 1955 994 1991 1.

311 2016 429 2063 Quod
450 2024 536 2053 tuas
553 2015 689 2054 laudes
707 2017 864 2068 culpas,
883 2031 964 2055 non
983 2019 1138 2070 proficis
1155 2018 1296 2058 hilum.

309 2151 364 2181 29.
382 2139 532 2171 Nonius:
548 2141 662 2177 Ferre,
674 2139 819 2171 laudare.
961 2141 998 2171 in
1011 2141 1025 2172 i
1035 2143 1197 2174 convertit
1210 2143 1247 2174 in
1261 2144 1410 2186 genitivo
1421 2167 1432 2184 ,
1447 2152 1487 2177 ut
1500 2157 1611 2184 nemo,

310 2195 367 2225 30.
387 2188 539 2226 Nonius:
558 2192 715 2231 Incilare,
734 2200 783 2224 est
800 2193 909 2224 incre·
961 2192 1105 2223 neminis.
1117 2192 1267 2225 Nonius:
1282 2194 1446 2234 Neminie,
1463 2198 1609 2239 positum

259 2259 338 2291 pare
356 2248 411 2279 vel
427 2247 626 2290 improbare.
959 2255 1022 2286 pro
1036 2245 1170 2276 nullius.

309 2303 328 2333 3
337 2313 348 2332 1
359 2325 367 2333 .
379 2302 421 2333 N.
431 2302 534 2339 Iacet,
543 2300 663 2338 sordet,
671 2311 734 2331 nec
741 2300 836 2331 laetus
844 2307 905 2331 est.
1010 2298 1063 2329 36-
1083 2299 1229 2330 Nonius:
1245 2301 1298 2330 Da
1306 2323 1318 2337 ,
1336 2301 1399 2336 dic.

310 2357 365 2387 32.
382 2355 515 2387 Nonius
530 2366 537 2384 z
559 2354 730 2397 Nugator‚
747 2353 908 2385 turbator.
1011 2352 1067 2390 37.
1087 2352 1218 2382 Nonius
1235 2363 1242 2382 :
1265 2353 1406 2394 Speciem
1417 2375 1429 2390 ,
1443 2355 1611 2396 specimen

311 2409 366 2439 33.
385 2408 536 2440 Nonius:
556 2407 728 2450 Experiri,
748 2414 886 2438 tentare.
962 2405 1015 2436 vel
1031 2405 1207 2447 exemplar.

312 2462 366 2498 34.
400 2461 534 2493 Nouius
555 2472 563 2491 z
586 2462 716 2492 -Saevum
734 2484 746 2497 ‚
775 2460 910 2491 durum}
1013 2453 1071 2489 385
1084 2459 1234 2490 Nonius:
1251 2460 1349 2489 Pctus
1358 2463 1370 2496 ‚⁷
1384 2470 1403 2491 a
1420 2460 1579 2493 bibendo.

264 2515 380 2546 Idem:
403 2515 522 2553 Triste,
538 2515 691 2554 crudele,
706 2515 845 2546 immite.
1013 2512 1068 2552 39-
1095 2513 1248 2543 Nonius:
1270 2515 1378 2544 Bonus
1400 2521 1434 2544 et
1458 2514 1555 2546 fortis
1579 2523 1611 2547 et

315 2569 370 2598 35.
397 2568 586 2599 Priscianus
600 2591 609 2606 ,
630 2566 689 2599 lib.
715 2569 764 2598 VI
782 2579 789 2598 :
813 2567 915 2598 Nemo
965 2565 1043 2608 pius
1058 2565 1124 2596 dici
1141 2573 1260 2608 potest.

264 2630 398 2661 quoque
412 2644 420 2658 ,
439 2618 508 2652 sive
526 2632 570 2652 ex
588 2620 656 2652 hoc
672 2621 916 2663 compositum,
1017 2624 1081 2655 4ο.4
1094 2619 1241 2651 Nouius:
1260 2621 1382 2651 Saevum
1403 2620 1527 2653 dicitur
1546 2622 1612 2653 im-

267 2678 304 2701 ut
329 2672 529 2713 quibusdam
555 2674 687 2713 videtur
701 2697 717 2712 ,.
735 2685 795 2705 seu
820 2685 891 2706 non
904 2697 915 2714 ,
969 2673 1058 2705 mite.
1077 2672 1188 2705 Idem:
1202 2674 1328 2710 Durus,
1347 2675 1483 2711 nocens.

268 2727 455 2758 communis
470 2734 518 2758 est
532 2728 659 2771 geuen's
667 2751 676 2768 ‚
690 2734 723 2760 et
735 2728 885 2761 similiter
897 2739 917 2759 ο
1018 2733 1073 2765 41.
1082 2717 1170 2762 Nffi.
1181 2727 1288 2759 Hilum
1299 2751 1309 2766 ,
1317 2723 1426 2761 'breve
1434 2727 1611 2771 quoddam.
