1846 3184
306 302 388 362 ν16

682 301 735 342 Α.
771 298 1019 341 PERSII
1059 298 1311 341 FLACCI

386 382 496 438 Hic,
515 397 655 441 neque
674 397 793 425 more
810 382 949 441 probo
966 381 1130 436 videas,
1149 396 1292 439 neque
1307 396 1407 424 voce
1423 382 1568 424 serena

393 461 592 519 Ingentes
607 458 820 517 trepidare
838 459 957 500 Titos
968 490 980 513 ,
998 461 1095 500 cum
1114 458 1300 500 earmina
1318 458 1517 500 lumbum

1623 475 1666 498 2⁰

392 538 561 579 Intrant
572 569 583 590 ‚
599 546 642 578 et
659 535 843 577 tremulo
862 535 1109 593 scalpuntur
1128 534 1205 576 ubi
1227 534 1379 576 intima
1395 549 1533 576 versu.

332 678 473 710 colluere
483 701 493 715 ‚
505 676 620 710 Graec.
632 676 832 723 γαργαρίζειν
847 683 883 708 et
897 677 972 709 ἀνα·

332 731 533 778 γαργαρὶζειν
550 745 559 772 ;
582 728 681 764 unde
703 728 798 762 Galli
819 727 946 761 dicunt
960 751 970 770 ,

327 781 855 827 gargarisen—Patrantifractus
863 783 972 813 ocello.

332 836 455 870 Oculis
464 835 502 869 in
510 834 686 868 lasciviam
695 833 875 874 resolutis,
886 845 973 879 qua-

329 890 380 924 les
396 896 497 927 sunt,
513 889 577 935 qui
597 888 806 933 κεκλσισμένοι
822 886 972 927 Graecis,

331 941 480 975 Horatio
499 942 584 973 oculi
598 948 709 983 putres
721 962 731 979 ,
749 936 810 971 od.
830 937 913 970 libr.
935 938 973 978 1,

333 995 388 1028 36.
399 995 420 1028 J
424 993 564 1027 uvenali
575 994 661 1025 oculi
671 993 704 1024 in
707 993 781 1037 fine
795 999 973 1030 crementes,

333 1056 397 1081 sat.
415 1047 490 1080 VII
502 1071 513 1088 ,
531 1050 610 1086 ²41·
632 1044 683 1077 Ea
704 1043 801 1076 enim
821 1051 974 1088 tempes-

333 1108 417 1141 tate,
427 1107 463 1133 et
475 1110 559 1138 vox,
570 1105 606 1131 et
619 1095 729 1135 oculi,
738 1104 773 1129 et
788 1103 886 1129 totus
894 1095 972 1128 vul-

333 1162 410 1195 tus,
429 1160 472 1186 ut
490 1163 573 1186 cum
590 1149 793 1184 effeminata
813 1148 975 1182 oratione

332 1212 587 1253 congruerent,
601 1201 722 1236 studio
734 1201 779 1235 ad
790 1201 976 1234 mollitiem

333 1267 367 1293 et
391 1258 568 1293 lasciviam
595 1255 915 1301 componebantur.
929 1275 977 1280 --

331 1313 494 1346 Patranei.
521 1311 604 1343 Vet.
627 1308 754 1345 schol.
785 1324 798 1337 ι
818 1307 975 1341 Patratio

334 1382 349 1396 ι
366 1372 418 1399 est
435 1363 488 1397 rei
506 1364 677 1396 Venereae
700 1360 878 1406 perfectio
890 1384 900 1401 ‚
918 1359 976 1394 vel

334 1436 349 1449 ι
365 1416 635 1453 consummatio.
661 1412 768 1447 Unde
799 1422 835 1447 et
859 1421 977 1459 patres

335 1490 349 1502 a
366 1471 454 1506 dicti
465 1496 475 1513 ‚
492 1482 534 1503 eo
552 1466 653 1515 quod
667 1468 866 1513 patratione
882 1466 975 1500 filios

331 1543 347 1556 ι
362 1531 562 1572 procreent.
573 1539 586 1551 .
594 1524 787 1554 -Fraceus.
796 1519 972 1566 Frangere

329 1578 465 1613 Latinis
486 1585 538 1610 est
558 1574 655 1609 idem
679 1586 718 1608 ac
741 1573 969 1615 effeminare,

330 1632 446 1666 robur
464 1629 566 1664 virile
591 1628 628 1661 in
648 1626 862 1660 muliebrem
880 1626 971 1659 mol-

329 1685 443 1719 litiem
462 1693 709 1726 corrumpere,
729 1679 859 1714 Graecis
872 1681 970 1726 θρύπ-

332 1752 415 1780 τειν,
435 1745 470 1771 et
489 1735 625 1774 κλάζειν.
645 1734 687 1767 C.

385 1802 439 1834 19.
464 1788 543 1826 Hz‘e,
566 1799 671 1830 neque
692 1798 780 1818 more
795 1787 902 1831 probo
923 1786 978 1818 vi-

333 1846 421 1882 deas.
436 1845 449 1887 ]
475 1841 534 1874 Ηῖε
547 1865 557 1879 ,
581 1839 700 1886 pergit
730 1837 952 1872 adversarius
964 1862 975 1880 ,

334 1909 418 1930 cum
443 1895 572 1929 talibus
590 1893 660 1926 tuis
684 1891 855 1938 operibus
870 1917 880 1935 ‚
901 1904 976 1925 non

335 1949 476 1985 videbis
504 1949 666 1994 ingentes
699 1948 782 1979 Titos
795 1971 805 1985 ‚
835 1954 976 1980 nostros

334 2005 513 2038 Romanos
526 2003 698 2044 trepidare,
707 1998 879 2046 plaudere
890 2012 977 2033 more

328 2058 433 2100 probo
441 2056 538 2097 (dela
549 2055 629 2086 belle
641 2054 799 2094 muniere)
807 2077 815 2089 ,
825 2065 884 2084 nec
893 2065 977 2084 voce

332 2108 456 2147 serend,
464 2119 531 2141 nec
539 2105 758 2139 unanimiter
765 2113 801 2138 et
808 2103 976 2139 distincte

334 2163 523 2196 acclamare
541 2173 549 2193 :
581 2164 684 2205 σοφῶς
699 2184 707 2196 ,
736 2159 825 2198 θείως
838 2183 849 2199 ,
878 2159 976 2195 bene,

333 2224 438 2254 recte,
458 2216 607 2246 decenter
619 2216 633 2244 Ι
651 2211 763 2245 veluti
783 2208 976 2255 (subaudi-

335 2270 416 2314 tur)
436 2269 519 2301 cum
545 2264 770 2300 molliuscula
797 2263 974 2303 carmina,

335 2323 584 2364 eta—Neque
610 2332 697 2352 more
713 2321 831 2365 probo.
850 2317 976 2350 Poetas

333 2375 524 2409 recitantes
532 2384 607 2406 non
617 2371 738 2405 minus
752 2370 908 2416 turpiter
917 2381 978 2402 au-

335 2427 502 2468 diehant‚
519 2427 628 2472 quam
641 2423 709 2470 ipsi
725 2422 818 2457 foede
833 2435 872 2456 ac
889 2421 979 2455 mol-

334 2481 416 2513 liter
430 2487 465 2512 et
478 2476 679 2512 scribebant
689 2500 699 2517 ,
712 2484 746 2510 et
760 2474 978 2521 pronuncia-

335 2533 435 2566 bant.
450 2532 578 2577 Itaque
593 2529 724 2563 similes
740 2527 916 2562 habehant
931 2527 979 2561 la-

336 2586 398 2619 bra
418 2585 569 2618 lactucas
580 2580 751 2629 seratque
764 2581 978 2628 operculum

335 2638 461 2684 patella
471 2636 730 2683 dignissimum.
740 2636 829 2677 Quae
838 2632 976 2681 putidoe

335 2691 601 2725 acclamationes
615 2715 624 2731 ,
647 2689 736 2724 adeo
767 2688 908 2724 luxuria
940 2695 975 2722 et

1023 686 1168 708 morum
1178 674 1381 720 corruptela
1390 673 1624 715 invaluerant,
1631 682 1669 709 et

1023 728 1062 762 in
1079 740 1146 762 usu
1165 728 1454 774 frequentissimo
1471 736 1666 769 venerant3

1023 781 1180 828 ideoque
1195 783 1310 824 proba*
1334 780 1567 823 dicebantur;
1587 789 1624 814 et
1649 793 1668 814 a

1025 834 1262 880 scriptoribus
1278 846 1506 880 summopere
1524 843 1668 880 expete-

1025 886 1159 920 bantur
1171 912 1180 927 ‚
1193 895 1229 920 et
1247 899 1321 920 non
1345 887 1412 920 nisi
1431 887 1473 920 iis
1489 886 1667 921 concede-

1025 939 1180 981 bantur,
1199 951 1356 985 quorum
1374 951 1482 985 opera
1501 941 1671 972 intrabam

1025 994 1171 1024 lumbum
1187 1017 1198 1031 ‚
1228 991 1348 1026 sedem
1381 993 1574 1039 voluptatis
1589 1018 1600 1036 ‚
1631 1001 1669 1027 et

1025 1047 1230 1088 sculpebant,
1243 1045 1435 1079 titillabam
1450 1048 1563 1079 intima
1575 1058 1668 1092 prae·

1028 1097 1172 1139 cordia,
1187 1111 1284 1131 versu
1308 1101 1462 1139 tremulo,
1481 1099 1610 1133 lascivo
1633 1109 1670 1133 et

1029 1151 1198 1185 obscoeno
1215 1163 1224 1183 ε
1250 1149 1348 1184 unde
1368 1149 1591 1186 adversarius
1612 1151 1668 1185 in-

1029 1205 1110 1238 nuit
1125 1208 1262 1251 poetae,
1283 1204 1403 1238 satiras
1421 1216 1499 1238 suas
1518 1216 1591 1238 non
1613 1216 1669 1238 eas

1029 1270 1102 1292 esse
1115 1284 1125 1301 ‚
1142 1270 1222 1304 quae
1243 1258 1350 1292 talem
1370 1256 1468 1303 apud
1489 1257 1671 1304 populum

1028 1319 1168 1345 motum
1191 1322 1231 1344 ac
1255 1311 1423 1356 plausum
1446 1310 1670 1344 excitent.—

1033 1366 1116 1396 Voce
1125 1363 1250 1397 serenti.
1271 1363 1307 1396 Si
1322 1363 1469 1409 plausus
1483 1363 1671 1398 unanimes

1029 1415 1144 1458 fiunt,
1167 1423 1202 1450 et
1225 1428 1314 1450 voce
1341 1415 1463 1450 serena
1489 1415 1672 1450 declaran-

1028 1477 1089 1502 tur
1101 1494 1111 1511 ‚
1127 1477 1162 1503 et
1175 1469 1366 1515 perspicue
1380 1468 1600 1511 audiuntur;
1615 1469 1670 1503 sin

1014 1531 1145 1557 *autem
1174 1522 1355 1557 discordes
1383 1530 1420 1556 et
1450 1522 1488 1556 in
1515 1521 1672 1558 diversas

1023 1584 1141 1622 partes
1170 1575 1330 1610 distracti
1349 1600 1361 1617 ‚
1393 1587 1478 1609 cum
1505 1575 1669 1610 tumultu

1024 1629 1188 1676 quidem,
1201 1628 1264 1663 sed
1279 1629 1452 1668 obscure,
1468 1636 1503 1662 et
1520 1628 1669 1662 fremitu

1028 1695 1134 1717 voces
1158 1682 1384 1724 audiuntur;
1412 1680 1512 1728 quod
1541 1680 1673 1715 accidit

1028 1737 1223 1782 praesertim
1242 1736 1279 1770 in
1296 1736 1435 1770 theatro
1446 1759 1458 1775 ‚
1475 1743 1510 1769 et
1533 1734 1669 1781 magnis

1029 1789 1250 1836 populorum
1262 1788 1507 1824 conventibus.
1518 1787 1561 1821 C.
1577 1795 1612 1821 et
1624 1789 1668 1821 A.

1078 1854 1132 1875 πο.
1142 1843 1338 1886 Trepidam]
1350 1841 1507 1876 Fortiter
1514 1839 1670 1887 pedibus

1029 1903 1064 1929 et
1078 1895 1243 1929 manibus
1254 1893 1583 1941 plaudere—Reos.
1594 1892 1671 1927 Titi

1027 1956 1113 1982 sunt
1146 1947 1320 1998 Romani,
1349 1946 1414 1993 qui
1446 1945 1669 1993 praenomine

1028 2001 1098 2035 isto
1115 1999 1218 2035 valde
1240 1998 1463 2047 gaudebant,
1479 2007 1515 2033 et
1533 1999 1583 2032 sic
1599 1998 1670 2032 hoc

1026 2055 1108 2089 loco
1125 2054 1362 2089 denotantur:
1377 2053 1427 2088 ita
1443 2064 1590 2100 quoque
1603 2077 1614 2094 ‚
1631 2052 1671 2085 in

1028 2110 1131 2143 satira
1153 2109 1280 2155 quinta
1292 2133 1303 2150 ‚
1321 2111 1471 2145 Marcus,
1488 2118 1557 2151 pro
1581 2105 1669 2139 civis

1028 2163 1223 2196 Romanus.
1245 2162 1347 2194 Inter
1365 2158 1587 2205 praenomina
1603 2157 1669 2190 ho-

1027 2215 1223 2249 nestissima
1241 2220 1342 2247 erant
1364 2215 1494 2245 Marcus
1510 2218 1545 2244 et
1569 2212 1667 2243 Titus.

1027 2270 1248 2300 —Lumbum.
1272 2265 1346 2308 Qui
1371 2272 1424 2299 est
1440 2263 1548 2310 vulgo
1569 2262 1669 2297 sedes

1027 2321 1235 2367 voluptatis.
1252 2317 1335 2353 vid.
1353 2319 1374 2352 J
1379 2328 1482 2352 uven.
1507 2323 1571 2350 sat.
1591 2316 1645 2349 VI
1658 2341 1669 2358 ,

1030 2386 1062 2409 v.
1078 2373 1158 2414 314.
1177 2372 1218 2405 P.

1077 2440 1095 2460 2
1103 2438 1131 2460 1.
1145 2428 1340 2469 scalpuntur
1350 2424 1406 2456 ubi
1417 2423 1530 2455 intima
1542 2423 1670 2465 versu]

1030 2480 1194 2526 Scalpere
1203 2503 1214 2520 ,
1228 2489 1319 2524 saepe
1333 2476 1497 2510 obscoena
1509 2474 1670 2516 notione,

1031 2542 1073 2569 ut
1088 2546 1107 2567 a
1134 2532 1183 2567 ud
1201 2532 1342 2567 Graecos
1359 2530 1438 2571 ξύειν
1452 2552 1464 2569 ,
1481 2536 1516 2562 et
1531 2528 1669 2569 κνήθεινς

1029 2581 1099 2615 hoc
1107 2546 1196 2613 Iloco
1210 2603 1220 2621 ‚
1241 2576 1405 2618 titillare,
1427 2574 1582 2609 molliter
1603 2585 1670 2621 pe-

1028 2641 1169 2668 netrare
1184 2657 1195 2674 ‚
1221 2629 1313 2664 Gall.
1340 2626 1670 2662 chatouiller.—In-

1029 2688 1118 2721 tima.
1130 2684 1222 2721 Sunt
1236 2685 1267 2719 αἱ
1283 2683 1411 2730 ὀρέξεις,
1425 2691 1458 2715 et
1461 2694 1544 2726 pars
1551 2676 1670 2719 animi,

1617 2736 1626 2750 1
