1846 3184
297 296 324 346 4
426 332 430 337 .
651 294 706 337 Α.
741 293 987 337 PERSII
1026 294 1280 337 FLACCI

354 376 460 430 Quis
482 374 695 434 expedivit
713 377 890 435 psittaco
915 392 1039 419 suum
1061 387 1244 425 XAIPE‚

340 505 374 538 8.
399 505 474 546 Quis
493 503 685 550 est-podivin]
709 504 786 538 Hoc
804 516 908 538 versu
923 530 932 546 ,

291 557 421 603 incipit
440 557 580 603 prologi
599 568 680 602 pars
699 556 868 590 secunda.
891 558 934 590 In

291 610 405 653 prima
426 617 565 649 autem,
582 611 665 643 cum
687 621 722 642 se
744 609 935 655 semipaga-

293 675 382 697 num
394 687 403 702 ‚
417 666 634 708 poetamque
648 662 707 696 vix
726 662 936 695 inchoatum

293 715 461 755 ferret‚ea
472 714 642 748 naturalis
652 714 829 748 lectorum
842 726 938 747 men-

294 767 391 800 tibus
410 766 565 813 objectio
583 767 758 812 potuisset
774 767 909 800 innasci
926 779 934 798 :

293 821 316 852 ὁ
336 818 458 860 Persi,
474 820 557 852 cum
573 819 618 852 sis
636 819 880 865 semipaganus
898 828 938 851 ac

293 872 465 905 barbarus
478 875 583 918 poeta
593 895 604 912 ‚
619 883 728 917 quare
742 871 852 917 igitur
862 883 939 905 vcr-

292 937 353 958 sus
367 924 473 958 facis?
488 923 544 957 Ad
568 937 647 970 quae
663 922 879 970 respondet,
897 931 938 957 ut

294 977 381 1011 olim
402 977 525 1010 Horat.
545 978 650 1023 epist.
670 977 709 1009 ΙΙ
722 1001 732 1017 ,
751 989 768 1009 2
782 1001 792 1018 ,
811 976 851 1009 51
868 988 876 1008 :

297 1056 304 1062 .
331 1056 338 1063 .
362 1056 370 1064 .
397 1056 403 1063 .
426 1036 592 1073 Paupertas
606 1034 729 1073 impulit
741 1033 855 1069 audax,

293 1082 337 1110 Ut
357 1091 463 1110 versus
479 1080 611 1110 facerem
617 1101 855 1109 ........

293 1132 405 1175 Quod
423 1141 474 1166 est
491 1144 607 1166 amara
623 1131 741 1166 irrisio
758 1131 797 1164 in
816 1133 940 1176 poetas

293 1185 350 1218 sui
377 1185 570 1230 temporis,
590 1196 750 1230 quorum
774 1183 939 1230 plerique

294 1238 447 1272 famelici
457 1246 620 1271 auctores
627 1246 662 1272 et
673 1237 816 1283 parasiti
824 1245 938 1270 erant:

295 1303 379 1324 nam
399 1289 560 1324 Persium
586 1289 630 1323 de
654 1302 690 1323 se
714 1289 806 1323 serio
831 1289 941 1335 egisse

294 1343 355 1377 vix
381 1342 503 1376 credas
519 1367 530 1383 ‚
555 1343 640 1375 cum
666 1342 741 1388 ipse
768 1341 879 1375 fuerit
905 1349 941 1374 et

295 1394 410 1436 dives,
422 1403 455 1427 et
465 1394 564 1427 bulla
577 1402 737 1435 ornatus,
747 1401 781 1427 et
792 1395 940 1439 poeseos

295 1458 408 1494 genus
422 1447 568 1480 minime
584 1445 630 1480 ad
646 1445 863 1492 captandum
876 1445 941 1478 ho-

295 1500 438 1534 minum
470 1500 628 1533 favorem
659 1498 835 1532 idoneum
866 1510 940 1531 am-

293 1553 424 1599 plexus
433 1552 776 1595 fuerit.-E⁷cpedivic.
785 1550 887 1584 Idem
898 1562 938 1584 ac

296 1605 445 1648 docuit,
467 1613 508 1639 ut
531 1617 639 1639 versu
666 1604 841 1650 sequenti.
867 1602 938 1637 Sed

295 1658 509 1705 exquisitius
538 1659 608 1692 hoc
638 1658 792 1693 verbum
814 1669 823 1689 :
855 1669 939 1691 nam

296 1712 498 1758 ignorantia
515 1719 551 1745 et
569 1710 738 1757 ἀδυναμία
759 1719 811 1744 est
828 1711 939 1745 instar

298 1764 456 1806 vinculi,
471 1776 544 1809 quo
558 1763 745 1810 ingenium
757 1762 941 1809 alligatum

299 1825 371 1858 est,
387 1825 430 1851 ut
443 1814 532 1862 πέὸῃ
549 1828 634 1863 pes:
650 1816 802 1851 solvitur
819 1825 940 1850 autem

298 1881 341 1903 eo
358 1869 506 1903 vinculo
522 1893 533 1910 ‚
550 1871 633 1902 cum
652 1868 822 1909 docetur;
839 1868 941 1916 quod

298 1922 474 1969 significat
495 1924 532 1957 τὸ
557 1921 724 1963 expedivit.
786 1922 936 1953 Psictuco.

298 1974 409 2008 Vocis
429 1975 594 2008 humanae
616 1973 817 2008 imitatione
844 1986 941 2008 com-

299 2026 423 2072 plures
432 2024 598 2071 praeditas
608 2037 688 2058 aves
701 2025 868 2059 omnibus
877 2037 942 2059 no-

301 2086 381 2112 tum
392 2102 402 2119 ,
415 2077 611 2124 praesertim
624 2077 793 2123 psittacos
802 2102 816 2120 ‚¹
824 2078 920 2124 picas
931 2101 941 2119 ‚

301 2130 520 2172 acanthides‚
528 2143 666 2173 corvos,
678 2131 845 2178 aliasque,
856 2143 943 2179 quas

960 547 962 550 .
986 517 1175 538 numerare
1193 516 1266 537 non
1287 512 1338 538 est
1357 501 1634 546 necesse3unde

987 556 1208 604 Porphyrius
1222 556 1266 590 de
1279 557 1364 591 abst.
1377 556 1485 590 anim.
1496 558 1538 590 ab
1552 570 1631 598 esu,

988 609 1048 642 lib.
1067 609 1125 642 ΙΙΙ
1138 634 1148 650 ,
1166 609 1234 642 hoc
1249 617 1461 655 argumento
1476 609 1630 655 probare

989 662 1121 696 nititur
1136 686 1146 703 ‚
1172 662 1246 695 scil.
1275 674 1350 695 non
1382 673 1456 695 esse
1482 658 1634 696 omnino

989 716 1096 749 bruta
1121 715 1295 748 animalia.
1317 716 1355 749 Εἰ
1373 716 1545 760 φαίνηται,
1561 715 1608 748 ait
1621 740 1633 753 ,

989 768 1044 802 καὶ
1055 770 1142 813 ἡμᾶς
1156 769 1355 814 μιμούμενα,
1373 768 1427 802 καὶ
1439 767 1496 804 τὴν
1509 764 1634 801 mai&

988 825 1139 866 γλῶσσαν
1154 822 1408 858 ἐκμανθάνοντα,
1421 820 1635 854 καὶσυνιέντα

990 877 1053 906 τῶν
1073 873 1240 918 ἐφεςώτων
1255 900 1264 914 ,
1285 873 1333 912 τίς
1354 873 1453 911 οὕτως
1474 869 1634 914 ἀναιδὴς,

991 926 1033 963 ὡς
1053 925 1097 970 μὴ
1123 927 1294 971 συγχωρεῖν
1318 922 1398 959 εἶναι
1415 925 1529 970 λογικὰ
1547 922 1633 958 δίοτι

992 977 1088 1016 &uz-22:
1104 980 1137 1011 οὐ
1155 979 1294 1014 συνίησιν
1315 974 1356 1011 ὧν
1373 979 1521 1024 λέγουσι·
1542 978 1635 1024 κόρα.-

991 1043 1043 1068 κες
1070 1034 1142 1075 γοῦν
1170 1029 1224 1063 καὶ
1251 1030 1384 1067 κίτται,
1408 1030 1543 1076 ἐρίθακοί
1572 1043 1607 1064 τε
1622 1054 1632 1067 ,

992 1082 1046 1115 καὶ
1060 1082 1228 1126 ψιττακοὶ,
1244 1082 1426 1127 ἀνθρώπους
1440 1085 1614 1128 μιμοῦνται
1625 1107 1636 1124 ,

993 1133 1047 1167 καὶ
1068 1135 1247 1180 μέμνηνται
1267 1130 1308 1167 ὧν
1329 1134 1367 1168 ἂν
1384 1134 1563 1172 ἀκούσωσι,
1579 1133 1636 1168 καὶ

993 1183 1226 1232 διδασκόμενοι
1243 1187 1441 1226 ὑπακούουσι
1458 1191 1505 1232 τῷ
1517 1183 1637 1221 διδάσ-

993 1251 1100 1276 κοντι,
1122 1239 1176 1278 καὶ
1198 1239 1308 1273 πολλοί
1337 1252 1383 1284 γε>
1403 1238 1562 1285 ἐμήνυσαν
1589 1236 1637 1273 δι’

995 1287 1035 1324 ὧν
1066 1289 1285 1335 ἐδιδάχθησαν
1310 1291 1366 1325 καὶ
1389 1292 1462 1331 τοὺς
1482 1291 1635 1338 ἁμαρτά·

993 1356 1105 1383 νοντας
1131 1344 1220 1377 κατὰ
1251 1345 1303 1378 τὸν
1344 1340 1441 1378 οἷκον,
1471 1364 1518 1390 5—
1537 1346 1637 1376 Suum

992 1400 1026 1429 X
1035 1400 1064 1428 A
1073 1400 1088 1428 Ι
1099 1400 1123 1429 P
1132 1400 1168 1429 E.
1181 1392 1234 1429 Ut
1247 1396 1637 1441 plurimum-doceban-

994 1455 1055 1481 tur
1081 1461 1160 1483 aves
1186 1449 1408 1482 salutationis
1430 1450 1558 1491 verba3
1577 1449 1636 1483 vel

992 1500 1131 1546 singula
1150 1527 1160 1543 ‚
1183 1503 1274 1547 χαῖρε
1296 1526 1305 1539 ,
1336 1512 1413 1538 ave,
1445 1503 1529 1534 salve
1543 1524 1554 1539 ³
1577 1501 1636 1536 Vel

989 1553 1098 1599 paulo
1114 1555 1216 1599 plura
1228 1576 1239 1594 ‚
1257 1562 1298 1588 ut
1311 1551 1456 1588 κονδῖτον
1472 1555 1556 1594 πίω,
1576 1566 1634 1600 ap,

990 1605 1216 1652 Simplicium
1229 1619 1236 1639 :
1248 1607 1305 1641 vel
1316 1603 1348 1640 εὗ
1362 1606 1500 1652 πράττε,
1511 1615 1547 1641 et
1556 1608 1636 1646 Ζεὺς

989 1658 1096 1697 ἵλεως,
1110 1660 1164 1694 καὶ
1186 1658 1229 1692 τὰ
1246 1662 1384 1693 τοιαῦτα
1394 1683 1403 1696 ,
1418 1659 1540 1705 inquit
1553 1659 1637 1693 Phi·

989 1708 1184 1754 lostratus;
1206 1710 1392 1745 interdum
1417 1711 1523 1745 etiam
1549 1711 1635 1758 plu·

992 1774 1089 1796 num
1099 1775 1230 1797 vocum
1239 1776 1363 1798 versus
1371 1772 1434 1798 aut
1442 1765 1634 1799 sententias

993 1814 1234 1857 docebantur,
1248 1824 1290 1850 ut
1302 1816 1354 1850 illi
1366 1817 1486 1859 corvi,
1498 1817 1561 1863 qui
1575 1816 1635 1851 ad-

992 1867 1174 1901 mirationi
1208 1869 1359 1902 fuerunt
1391 1869 1554 1915 Augusto
1590 1882 1635 1904 ex

991 1921 1132 1955 Actiaca
1146 1922 1295 1956 victoria
1311 1922 1528 1965 revertenti,
1545 1935 1638 1969 quo·

994 1987 1076 2008 rum
1094 1975 1183 2009 alter
1199 1975 1388 2010 institutus
1406 1976 1522 2010 fuerat
1537 1975 1635 2010 dice·

994 2038 1033 2060 re
1046 2039 1054 2058 :
1070 2039 1144 2066 ave,
1160 2029 1284 2066 Caesar,
1294 2028 1635 2072 victor‚.1mperator·.·

994 2079 1083 2113 alter
1094 2104 1104 2120 ‚
1124 2093 1181 2112 ave
1189 2104 1199 2118 ,
1219 2082 1328 2113 ‘victor
1337 2106 1346 2120 ,
1370 2084 1550 2124 Imperator
1563 2084 1635 2113 An-

995 2132 1071 2166 tons.
1085 2133 1187 2167 Prior
1198 2141 1338 2167 tantum
1349 2134 1515 2180 apparuit
1523 2159 1534 2176 ‚
1547 2133 1637 2168 alter

350 2263 395 2292 V.
413 2262 446 2292 8.
466 2262 543 2292 Post
557 2260 649 2291 hunc
666 2271 798 2291 versum
812 2260 1007 2292 recentiores
1024 2260 1159 2302 quidam
1175 2260 1273 2292 codd.
1287 2268 1336 2301 et,
1349 2268 1463 2303 postea
1473 2284 1484 2301 ,
1497 2261 1638 2294 editores

302 2314 369 2344 fere
388 2324 501 2345 omnes
517 2314 618 2345 alium
639 2313 804 2352 inserunt,
823 2314 869 2344 sic
884 2324 891 2343 :

645 2386 761 2416 corvos
779 2385 847 2426 quis
869 2386 943 2415 olim
960 2395 1124 2415 concavum
1141 2385 1292 2414 salutare?

307 2459 447 2487 'Versum
464 2457 554 2488 hunc
573 2446 724 2500 spurium
743 2467 811 2487 esse
829 2454 963 2487 minime
985 2451 1221 2494 dubiiandum3
1241 2455 1404 2485 insulsum
1419 2461 1593 2496 praeterea,
1608 2463 1639 2487 et

308 2509 457 2540 inutilem
471 2533 479 2548 ,
506 2510 581 2541 cum
606 2511 646 2542 de
673 2511 780 2542 corvis
808 2510 894 2540 infra
918 2509 1066 2540 dicturus
1094 2509 1136 2539 sit
1160 2510 1277 2550 poeta:
1301 2514 1499 2550 quapropter
1525 2508 1641 2547 illum,

311 2564 591 2594 consentientibus
604 2565 674 2595 «fere
692 2563 844 2595 omnihus
864 2563 977 2604 libris,
992 2570 1023 2593 et
1044 2562 1157 2593 codice
1177 2569 1289 2593 nostro
1300 2584 1310 2599 ‚
1333 2573 1351 2592 a
1371 2561 1510 2604 prologo
1528 2562 1641 2604 rejeci-

311 2626 396 2647 mus.
417 2619 455 2646 In
479 2618 621 2648 editione
646 2619 795 2649 Persiana
819 2619 872 2649 Jo.
897 2617 1096 2654 Britannici,
1118 2616 1218 2646 Paris.
1241 2615 1328 2657 apud
1347 2616 1378 2647 J.
1400 2615 1505 2654 Petit,
1532 2615 1617 2646 1505
1630 2637 1643 2653 ,

310 2668 381 2699 haee
393 2670 495 2711 glossa
510 2671 705 2703 interlineas
716 2671 891 2703 inseritur:
905 2681 1017 2703 versus
1030 2669 1081 2702 Ιιὶι·
1094 2681 1115 2701 α
1127 2669 1273 2709 Fonteio,
1288 2678 1352 2701 non
1365 2669 1408 2701 ab
1420 2668 1492 2700 aliis
1498 2668 1643 2710 ponitur.
