1846 3184
1053 337 1430 353 §mmmm
1433 341 1534 354 m

496 457 708 518 VITA
757 456 1230 519 SULPICIAE
1288 514 1290 516 .

400 603 505 656 EX
551 603 611 655 L.
660 603 902 655 GREG.
953 604 1326 655 GYRALDI

0 454 11 502 z
174 427 186 442 “
322 496 324 498 ,

0 507 18 795 i
528 738 615 781 DE
642 738 923 782 LATINIS
953 738 1204 781 POETls

0 800 14 1069 ξ
328 867 330 869 ’
621 865 624 867 Δ
692 868 930 974 DIAL²G0
970 869 1036 896 IV·

0 1222 12 1331 Ξ

0 1370 6 1397 ἶ

195 975 327 1043 Fun·
341 1012 380 1042 et
394 1017 464 1055 per
474 1003 557 1042 haec
569 1011 743 1057 tempora
755 1003 929 1055 Sulpicia
937 1033 948 1051 ‚
964 1017 1012 1042 ex
1025 1004 1266 1043 nobilissima
1276 1005 1539 1057 Sulpiciorum

195 1075 360 1122 familia,
377 1088 464 1126 quae
482 1075 604 1113 nitida
619 1074 834 1113 admodum
852 1083 891 1113 et
909 1084 1011 1113 casta
1025 1078 1204 1127 poemata
1221 1076 1385 1128 scripsit.
1403 1077 1541 1114 Virum

196 1145 334 1183 habuit
349 1146 535 1184 Calenum
547 1175 558 1193 ,
578 1159 670 1183 cum
687 1159 768 1197 quo
786 1159 909 1184 annos
926 1148 1001 1184 XV
1020 1148 1280 1185 amantissime
1301 1156 1340 1185 et
1357 1149 1542 1199 conjunc-

196 1215 341 1254 tissime
358 1216 466 1254 vixit.
493 1216 621 1254 Mariti
647 1224 687 1254 et
711 1217 845 1255 uxoris
871 1217 1050 1255 meminit
1075 1217 1259 1256 Sidonius
1279 1218 1514 1270 Apollinaris
1528 1246 1539 1263 ‚

199 1286 254 1324 sic
272 1286 476 1338 inquiens:

520 1351 604 1385 Non
626 1349 728 1398 quod
748 1350 918 1398 Sulpiciae
937 1352 1038 1398 jocos
1057 1351 1194 1386 Thaliae

525 1407 674 1455 Scripsit
695 1407 950 1456 blandiloquus
972 1421 1039 1443 suo
1064 1408 1211 1444 Caleno.

196 1490 327 1529 Exstat
350 1497 390 1528 et
414 1489 566 1541 elegans
591 1490 778 1528 Martialis
806 1491 1077 1542 Epigramma,
1104 1491 1318 1530 maximum
1347 1490 1544 1543 pudicitiae

196 1567 235 1596 et
252 1560 413 1610 poeticae
434 1559 551 1612 hujus
571 1559 752 1611 Sulpiciae
774 1556 1067 1599 testimonium:

522 1636 658 1670 Omnes
684 1635 881 1683 Sulpiciam
904 1637 1025 1683 legant
1045 1636 1199 1682 puellae,

525 1693 600 1727 Uni
622 1705 703 1740 quae
730 1694 886 1740 cupiunt
904 1695 985 1728 viro
1004 1694 1159 1740 placere.

524 1752 660 1785 omnes
686 1752 883 1798 Sulpiciam
904 1752 1025 1798 legant
1045 1752 1190 1795 mariti,

523 1809 600 1842 Uni
623 1809 688 1855 qui
711 1810 866 1855 cupiunt
889 1809 1031 1856 placere
1052 1819 1187 1857 nuptae.

524 1867 608 1901 Non
630 1867 705 1901 haec
726 1866 920 1902 Colchidos
940 1869 1063 1903 asserit
1084 1869 1245 1903 furorem
1257 1894 1268 1911 ‚

523 1926 603 1959 Diri
623 1925 774 1973 prandia
795 1939 864 1961 nec
884 1927 996 1962 refert
1017 1928 1208 1976 Thyesta,

523 1984 701 2032 Scyllam,
720 1983 874 2032 Byblida
896 1998 965 2020 nec
986 1985 1095 2021 fuisse
1116 1986 1255 2022 credit:

524 2041 598 2077 Sed
622 2051 735 2078 castos
756 2042 862 2078 doce't
885 2052 921 2078 et
942 2043 1024 2091 pios
1044 2057 1182 2080 amores
1196 2071 1208 2088 ‚

522 2101 661 2142 Lusus,
680 2100 844 2145 delicias,
860 2102 1091 2152 facetiasque.

523 2157 638 2206 Cujus
661 2160 817 2195 carmina
842 2160 908 2207 qui
931 2161 1025 2195 bene
1048 2161 1253 2202 aestimarit,

520 2217 666 2251 Nullam
688 2216 820 2252 dixerit
844 2211 920 2253 esse
942 2220 1171 2254 sanctiorem.

523 2275 627 2310 Tales
642 2276 798 2323 Aegeriae
816 2278 917 2324 jocos
939 2278 1049 2322 fuisse

522 2333 608 2369 Udo
631 2334 851 2369 crediderim
871 2335 906 2369 N
909 2348 1001 2369 umae
1022 2336 1091 2369 sub
1112 2343 1229 2369 antro.

522 2392 597 2427 Hac
617 2392 864 2439 condiscipula
876 2418 887 2435 ,
905 2394 963 2427 vei
984 2393 1050 2427 hac
1075 2393 1238 2439 magistra
1250 2418 1261 2433 ‚

522 2450 628 2484 Esses
647 2449 791 2484 doctior
810 2458 846 2484 et
869 2449 1001 2496 pudica
1023 2450 1196 2496 Sappho;

524 2507 596 2542 Sed
614 2516 734 2542 tecum
754 2508 887 2554 pariter
906 2507 1087 2554 simulque
1103 2508 1216 2542 visam

524 2567 649 2600 Durus
666 2564 863 2611 Sulpiciam
884 2565 1005 2598 Phaon
1029 2574 1172 2600 amaret.

524 2622 691 2658 Frustra:
707 2635 862 2670 namque
878 2636 918 2657 ea
934 2635 1002 2657 nec
1017 2623 1192 2658 Tonantis
1208 2636 1302 2660 uxor
1314 2649 1325 2667 ,

524 2679 607 2713 Non
629 2682 758 2715 Bacchi
770 2707 780 2723 ‚
800 2693 867 2715 nec
886 2681 1060 2727 Apollinis
1079 2682 1200 2729 puella
1212 2707 1224 2725 ,

527 2737 663 2783 Erepto
682 2738 751 2773 sibi
770 2739 908 2775 viveret
928 2738 1076 2774 Calene.
