1846 3184
6 2122 51 2499 samm...
8 2051 41 2068 1
0 2008 39 2022 I
28 1572 33 1574 ι
8 1542 15 1548 Ἀ

49 2210 60 2220 v
46 1837 50 1839 ⁸
43 1702 49 1713 ’¹

637 278 640 279 ’
680 291 950 337 ‘sATmA
982 255 1061 335 vs
1458 294 1537 350 157
1601 337 1606 349 ,

266 382 437 425 Cretata
457 374 668 422 ambitio?
685 375 849 435 Vigila,
865 385 910 418 et
931 375 1043 418 cicer
1054 370 1211 433 'ingere
1229 374 1345 433 large

267 456 441 503 Rixanti
463 453 627 513 populo
642 485 655 507 ,
674 463 820 495 nostra
838 461 889 493 ut
907 450 1093 493 Floralia
1111 449 1278 507 possint

266 531 416 591 Aprici
432 529 671 572 meminisse
686 542 821 570 senes.
841 525 961 582 Quid
976 523 1232 584 pulchrius?
1250 524 1308 566 At
1325 517 1425 566 cum

209 671 387 706 ben-tatem
406 667 423 702 ?
437 688 486 695 —
500 670 603 712 Palpo
636 670 733 712 'quem
763 668 855 700 ducit

210 719 853 769 hiantemffierperiphrasimdesignat

209 776 621 818 ambitiosum—Papo,
636 775 713 806 onis.
731 772 851 806 Subst.

208 828 454 864 nominativ.·a
462 827 573 862 verbo
577 828 720 873 palpare
726 826 746 865 ,¹
753 823 854 872 quod

212 891 267 917 est
278 881 426 929 proprie
437 880 595 914 mulcere
605 905 616 922 ,
629 879 755 914 leviter
766 887 856 912 trac-

212 942 301 977 tare,
310 933 394 980 quia
405 933 613 967 ambitiosus
624 939 770 978 prensat
782 943 854 964 ma·

211 1000 267 1022 nu
295 987 389 1022 cives
402 1013 414 1029 ‚
438 994 475 1020 et
498 997 630 1020 auram·
643 985 855 1032 popularem

210 1047 353 1086 captat,
375 1047 416 1073 ut
442 1051 569 1073 eorum
597 1037 765 1084 suffragia
790 1036 856 1071 de-

214 1101 406 1127 mereatur.
422 1113 469 1118 —-
482 1094 591 1126 Ducit.
621 1091 691 1126 Per
719 1091 835 1125 tribus
845 1116 857 1132 ‚

215 1145 474 1188 circumducit,
493 1145 539 1180 ad
557 1145 704 1192 gratiam
729 1143 859 1193 populi

219 1198 479 1246 occupandam.
498 1198 537 1232 P.

270 1263 347 1299 177.
369 1254 498 1285 cretata
514 1252 672 1296 affinia]
688 1251 768 1286 Mos
784 1259 860 1286 erat

218 1305 462 1352 magistratum
487 1305 644 1352 aliquem
673 1304 860 1338 ambienti-

219 1359 290 1393 bus
309 1358 499 1393 circumire
523 1358 560 1391 in
578 1366 676 1392 veste
696 1355 859 1392 candida.

220 1411 322 1458 Saepe
349 1423 424 1444 non
449 1410 610 1445 contenti
640 1410 749 1444 insito
772 1410 862 1444 lanae

219 1460 365 1506 colore,
380 1472 512 1499 cretam
532 1463 710 1498 addebant
725 1463 763 1496 in
783 1475 862 1496 ves-

222 1525 310 1559 tem,
322 1525 364 1551 ut
375 1515 613 1558 candesceret,
623 1516 733 1550 immo
745 1515 864 1562 splen-

223 1570 327 1606 deret
346 1583 357 1604 :
385 1569 485 1605 unde
510 1575 586 1605 κατ’
615 1570 724 1614 ἐξοχὴν
749 1568 862 1610 dicti,

224 1625 401 1658 candidati.
422 1622 515 1657 Hinc
536 1636 556 1657 a
572 1623 681 1670 vulgo
700 1621 865 1663 discreti,

223 1677 286 1710 cui
297 1676 376 1710 alba
387 1675 547 1723 quidem,
556 1674 618 1709 sed
630 1687 704 1709 non
717 1673 868 1709 candida

225 1737 302 1764 erat
313 1738 406 1776 toga.
414 1729 500 1764 Haec'
510 1729 651 1764 erudite
663 1729 758 1763 Just.
767 1728 865 1774 Lips.

227 1782 414 1817 mecum).
427 1783 531 1824 XIV,
542 1795 619 1829 cap.
640 1786 697 1822 24.
716 1784 866 1825 Fiteoga,

230 1837 343 1868 addito
360 1838 502 1878 quodam
524 1845 621 1868 cretae
633 1848 771 1880 genere,
789 1847 871 1866 can·

231 1889 533 1932 clidium—Vigila.
561 1885 687 1934 Inquit
711 1886 870 1920 ambitio.

233 1940 380 1974 Summo
398 1951 502 1973 mane
519 1939 702 1980 discurre,
719 1947 802 1972 ante
818 1939 875 1972 lu-

234 2005 312 2027 cem
320 2018 331 2034 ,
343 1993 395 2027 ito
406 1992 451 2026 ad
464 1993 558 2027 cives
566 2018 578 2035 ,
592 1992 713 2039 eisque
725 1992 875 2026 salutem

235 2045 406 2093 diemque
430 2058 639 2093 prosperam
664 2057 874 2092 apprecare,

235 2112 382 2146 operam
393 2108 491 2134 tuam
502 2109 535 2134 et
548 2099 710 2133 officium
718 2098 874 2146 sponde,

235 2162 281 2188 ut
301 2163 428 2187 eorum
449 2153 515 2188 tibi
538 2165 640 2200 pares
660 2153 875 2186 benevolen-

236 2204 336 2238 tiam.
356 2205 412 2238 De
426 2204 547 2238 labore
566 2213 601 2238 et
612 2204 741 2251 vigiliis
754 2202 876 2237 candi·

232 2257 405 2292 datorum
434 2256 561 2291 Cicero
579 2282 590 2299 ‚
613 2257 737 2291 multis
764 2256 877 2298 locis,

239 2322 396 2357 quorum
407 2310 519 2345 vitam
535 2310 571 2344 in
589 2311 691 2356 epist.
709 2310 754 2344 ad
767 2310 877 2358 Attic.

239 2365 386 2397 militiam
400 2366 557 2396 urbanam
567 2373 682 2398 vocat.
692 2367 786 2395 —Et
796 2365 882 2396 cicer

242 2418 350 2462 ingere
373 2419 472 2462 large.
499 2418 694 2463 Legumina
714 2416 802 2450 varii
823 2427 880 2461 ge-

242 2469 363 2511 neris,
387 2469 502 2511 cicer,
528 2470 670 2509 fabam,
693 2469 881 2517 lupinum,

245 2529 314 2555 etc.
335 2522 373 2555 in
391 2523 520 2571 vulgus
541 2520 765 2555 abundanter
786 2531 882 2565 spar-

247 2575 387 2621 gebant.
401 2575 458 2609 Sic
471 2574 589 2610 aediles
606 2574 698 2607 viam
719 2572 787 2606 sibi
805 2583 885 2604 mu-

248 2626 394 2660 niebant
400 2626 444 2660 ad
455 2627 656 2674 superiores
663 2625 887 2672 magistratus

250 2690 317 2725 per
325 2679 464 2715 missilia
476 2679 651 2727 eJusmodi
665 2687 700 2715 et
713 2676 889 2724 congiaria

903 664 1054 699 maxime
1077 663 1116 697 in
1138 662 1348 697 Floralibus.
1370 662 1473 698 Alex.
1498 664 1543 698 ab

903 718 1004 752 Alex.
1012 716 1150 751 Genial.
1162 716 1259 750 Dier.
1272 716 1335 750 lib.
1343 716 1411 758 VI,
1420 728 1496 777 cap.
1509 718 1541 751 8.

905 771 1045 805 Horum
1063 770 1248 803 missilium
1265 781 1328 804 seu
1350 770 1547 816 congiario·

906 837 988 858 rum
1022 822 1216 870 descriptio
1255 831 1292 856 et
1331 822 1446 870 imago
1485 835 1548 857 ex-

906 884 1000 911 stant
1026 875 1178 910 adhuc'
1167 889 1205 910 m
1238 874 1452 922 quibusdam
1477 889 1547 910 nu·

905 930 1056 963 mismat.
1085 930 1207 976 Impp.
1239 929 1304 962 ubi
1334 941 1377 963 ex
1405 927 1550 963 adversa

906 991 1008 1031 parte
1018 1009 1028 1026 ,
1047 984 1248 1030 Imperator
1266 990 1404 1028 togatus
1419 982 1456 1016 in
1472 994 1553 1029 sug-

908 1046 1011 1084 gestu
1019 1036 1160 1078 sedens,
1167 1045 1202 1071 et
1212 1045 1374 1070 tesseram
1384 1048 1493 1070 manu
1504 1044 1553 1071 te-

910 1102 1018 1132 nens,
1025 1091 1124 1136 juxta
1137 1102 1247 1136 quem
1261 1090 1449 1136 praefectus
1462 1089 1554 1124 Prae-

911 1144 1004 1178 torio
1013 1153 1120 1178 stans:
1130 1143 1234 1184 infra,
1245 1141 1318 1177 duo
1323 1143 1379 1178 vel
1387 1152 1457 1178 tres
1464 1142 1554 1189 figu-

909 1211 958 1232 rae
969 1205 1113 1239 stantes,
1123 1209 1275 1244 quarum
1286 1190 1358 1230 una
1370 1197 1496 1230 scalam
1506 1208 1556 1230 ase

911 1249 1032 1284 cendit
1050 1258 1215 1284 tesseram
1229 1257 1443 1296 acceptura·
1462 1249 1556 1283 circa

911 1303 1121 1337 inscribitur
1131 1312 1373 1335 crannum-ss
1384 1312 1472 1335 sua.
1483 1310 1555 1336 etc.

913 1356 1113 1397 Caeterum,
1128 1355 1188 1389 hic
1201 1366 1274 1388 non
1289 1353 1335 1388 de
1349 1354 1535 1400 congiariis
1545 1378 1557 1396 ,

914 1407 977 1443 sed
997 1407 1043 1442 de
1062 1380 1254 1441 missilibus
1270 1405 1400 1452 agitur.
1419 1407 1462 1440 A.

965 1461 1042 1507 178.
1061 1461 1198 1493 Bizana
1214 1459 1366 1505 popula]
1395 1459 1450 1492 Ita
1475 1458 1559 1492 soli-

914 1523 994 1550 tum
1005 1514 1083 1548 fieri
1097 1514 1135 1547 in
1148 1513 1360 1547 collectione
1373 1512 1561 1546 missilium

916 1570 1064 1604 sueton.
1080 1568 1186 1602 variis
1202 1567 1307 1609 locis,
1321 1575 1357 1601 et
1372 1566 1561 1612 scriptores

917 1630 1054 1657 veteres
1066 1628 1254 1655 testantur.
1262 1621 1466 1652 —Floralia.
1479 1618 1561 1652 Flo·

919 1676 1003 1710 ralia
1025 1674 1180 1708 edebant
1206 1673 1335 1708 aediles.
1363 1673 1417 1706 De
1443 1672 1562 1718 impu-

919 1727 1041 1762 dicitia
1061 1727 1208 1760 illorum
1233 1724 1406 1759 ludorum
1431 1732 1468 1759 et
1492 1724 1564 1758 ori-

920 1780 1022 1828 gine,
1037 1779 1111 1815 vid.
1136 1778 1246 1814 Ovida
1272 1778 1366 1812 Fast.
1389 1778 1427 1812 in
1445 1778 1564 1819 Maio,

923 1836 1079 1869 Lactant.
1086 1842 1122 1868 et
1135 1846 1214 1881 quae
1228 1833 1430 1867 notavimus
1443 1830 1489 1866 ad
1501 1832 1524 1866 J
1526 1844 1566 1865 u-

924 1901 1004 1923 ven.
1017 1896 1079 1922 sat.
1094 1888 1150 1921 VI
1160 1912 1171 1929 ‚
1185 1881 1221 1921 ιν.
1239 1887 1320 1921 250.

975 1953 1054 1987 179.
1067 1941 1191 1984 Apn'ci.
1239 1965 1248 1973 .
1260 1941 1371 1984 sema]
1383 1938 1566 1985 Api-icatio

926 1993 1031 2029 senili
1054 1992 1146 2027 aetati
1171 1991 1503 2027 convenientissima
1531 1998 1569 2025 et

925 2047 1140 2095 gratissima,
1160 2054 1203 2080 ut
1220 2045 1332 2092 tangit
1354 2045 1502 2086 Cicero,
1522 2043 1569 2078 de

927 2101 1132 2135 Senectute.
1150 2098 1350 2140 Ausonius,
1363 2098 1533 2132 Mosella:

928 2163 1062 2202 Tempus
1074 2163 1147 2198 erit,
1161 2162 1231 2192 cum
1245 2171 1293 2191 me
1305 2160 1412 2190 studiis
1424 2161 1570 2201 ignobilis

1009 2210 1067 2239 otii

928 2257 1116 2286 Mulcentem
1138 2265 1226 2286 curas
1247 2254 1383 2293 seniique
1402 2255 1504 2294 aprica
1522 2254 1571 2283 fo-

1009 2309 1132 2332 ventem
1143 2324 1153 2336 ‚

930 2350 1064 2380 Materia
1079 2347 1269 2379 commendet
1283 2346 1393 2375 honos.
1414 2367 1422 2374 .
1445 2368 1452 2374 .
1466 2360 1487 2375 ·.
1511 2368 1518 2374 .

932 2412 1056 2447 Solent
1068 2411 1178 2456 igitur
1191 2420 1291 2442 senes
1307 2407 1344 2440 in
1358 2406 1432 2440 sole
1442 2406 1575 2454 hyber-

933 2479 983 2499 no
1016 2464 1211 2510 apricantes
1227 2486 1236 2499 ,
1263 2461 1318 2494 καὶ
1348 2462 1573 2506 εὓεηθεροῦντες

934 2517 1026 2550 circa
1043 2513 1229 2548 meridiem
1245 2512 1434 2554 calidiore,
1448 2511 1494 2546 de
1509 2525 1576 2546 uu-

936 2569 988 2616 gis
1000 2569 1070 2601 hoc
1081 2578 1192 2613 genus
1204 2565 1346 2612 garrire.
1358 2564 1466 2599 Unde
1479 2564 1575 2599 Gra-

938 2634 1064 2656 corum
1086 2619 1320 2666 proverbium
1332 2646 1343 2661 ‚
1363 2617 1574 2666 μεσημῧρινὸς

938 2678 1031 2719 λῆρος
1043 2698 1052 2716 ,
1070 2672 1169 2720 apud
1182 2672 1427 2719 Nicephorum
1436 2671 1573 2718 Grego-
