<?xml version="1.0" encoding="UTF-8"?>
<!DOCTYPE html PUBLIC "-//W3C//DTD XHTML 1.0 Transitional//EN"
    "http://www.w3.org/TR/xhtml1/DTD/xhtml1-transitional.dtd">
<html xmlns="http://www.w3.org/1999/xhtml" xml:lang="en" lang="en">
 <head>
  <title>
</title>
<meta http-equiv="Content-Type" content="text/html;charset=utf-8" />
  <meta name='ocr-system' content='tesseract 3.04.00' />
  <meta name='ocr-capabilities' content='ocr_page ocr_carea ocr_par ocr_line ocrx_word'/>
</head>
<body>
  <div class='ocr_page' id='page_1' title='image "./satiraeadcodice00persuoft_0154.png"; bbox 0 0 1846 3184; ppageno 0'>
   <div class='ocr_carea' id='block_1_1' title="bbox 317 325 1494 379">
    <p class='ocr_par' dir='ltr' id='par_1_1' title="bbox 317 325 1494 379">
     <span class='ocr_line' id='line_1_1' title="bbox 317 325 1494 379; baseline -0.002 -9"><span class='ocrx_word' id='word_1_1' title='bbox 317 328 401 378; x_wconf 77' lang='lat'><strong>114</strong></span> <span class='ocrx_word' id='word_1_2' title='bbox 478 325 757 368; x_wconf 87' lang='lat' dir='ltr'><strong>SATIRAE</strong></span> <span class='ocrx_word' id='word_1_3' title='bbox 789 325 1080 379; x_wconf 89' lang='lat' dir='ltr'><strong>QUINTAE</strong></span> <span class='ocrx_word' id='word_1_4' title='bbox 1111 325 1494 369; x_wconf 90' lang='lat' dir='ltr'><strong>ARGUMENT.</strong></span> 
     </span>
    </p>
   </div>
   <div class='ocr_carea' id='block_1_2' title="bbox 307 405 1664 1162">
    <p class='ocr_par' dir='ltr' id='par_1_2' title="bbox 307 405 1664 1162">
     <span class='ocr_line' id='line_1_2' title="bbox 314 405 1659 459; baseline -0.001 -12"><span class='ocrx_word' id='word_1_5' title='bbox 314 417 472 447; x_wconf 86' lang='lat' dir='ltr'>stertere</span> <span class='ocrx_word' id='word_1_6' title='bbox 487 416 526 446; x_wconf 89' lang='lat' dir='ltr'><strong>et</strong></span> <span class='ocrx_word' id='word_1_7' title='bbox 542 407 620 446; x_wconf 89' lang='lat' dir='ltr'><strong>frui</strong></span> <span class='ocrx_word' id='word_1_8' title='bbox 637 407 802 445; x_wconf 87' lang='lat' dir='ltr'><strong>volentis</strong></span> <span class='ocrx_word' id='word_1_9' title='bbox 819 436 829 454; x_wconf 90' lang='lat'>‚</span> <span class='ocrx_word' id='word_1_10' title='bbox 850 405 969 459; x_wconf 73' lang='lat' dir='ltr'><strong>quam</strong></span> <span class='ocrx_word' id='word_1_11' title='bbox 988 407 1133 445; x_wconf 87' lang='lat' dir='ltr'><strong>luctata</strong></span> <span class='ocrx_word' id='word_1_12' title='bbox 1150 407 1254 445; x_wconf 84' lang='lat' dir='ltr'><strong>canis</strong></span> <span class='ocrx_word' id='word_1_13' title='bbox 1265 436 1275 454; x_wconf 90' lang='lat'>,</span> <span class='ocrx_word' id='word_1_14' title='bbox 1296 421 1384 458; x_wconf 86' lang='lat' dir='ltr'><strong>quae</strong></span> <span class='ocrx_word' id='word_1_15' title='bbox 1403 408 1554 445; x_wconf 88' lang='lat' dir='ltr'><strong>nodum</strong></span> <span class='ocrx_word' id='word_1_16' title='bbox 1573 408 1659 459; x_wconf 88' lang='lat' dir='ltr'><strong>qui-</strong></span> 
     </span>
     <span class='ocr_line' id='line_1_3' title="bbox 314 476 1661 530; baseline -0.002 -13"><span class='ocrx_word' id='word_1_17' title='bbox 314 480 406 518; x_wconf 92' lang='lat' dir='ltr'><strong>dem</strong></span> <span class='ocrx_word' id='word_1_18' title='bbox 434 478 617 530; x_wconf 86' lang='lat' dir='ltr'>arripuit,</span> <span class='ocrx_word' id='word_1_19' title='bbox 640 486 808 515; x_wconf 85' lang='lat' dir='ltr'><strong>attamen</strong></span> <span class='ocrx_word' id='word_1_20' title='bbox 831 491 854 515; x_wconf 94' lang='lat' dir='ltr'><strong>a</strong></span> <span class='ocrx_word' id='word_1_21' title='bbox 882 477 986 515; x_wconf 90' lang='lat' dir='ltr'><strong>collo</strong></span> <span class='ocrx_word' id='word_1_22' title='bbox 1012 485 1160 528; x_wconf 82' lang='lat' dir='ltr'><strong>partem</strong></span> <span class='ocrx_word' id='word_1_23' title='bbox 1189 485 1332 515; x_wconf 86' lang='lat' dir='ltr'><strong>catenae</strong></span> <span class='ocrx_word' id='word_1_24' title='bbox 1357 476 1474 515; x_wconf 84' lang='lat' dir='ltr'><strong>trahit</strong></span> <span class='ocrx_word' id='word_1_25' title='bbox 1499 477 1661 527; x_wconf 78' lang='lat'>(140—</span> 
     </span>
     <span class='ocr_line' id='line_1_4' title="bbox 319 547 1662 600; baseline -0.002 -14"><span class='ocrx_word' id='word_1_26' title='bbox 319 549 442 600; x_wconf 86' lang='lat'><strong>160);</strong></span> <span class='ocrx_word' id='word_1_27' title='bbox 462 561 534 586; x_wconf 89' lang='lat' dir='ltr'><strong>nec</strong></span> <span class='ocrx_word' id='word_1_28' title='bbox 562 548 692 585; x_wconf 90' lang='lat' dir='ltr'><strong>minus</strong></span> <span class='ocrx_word' id='word_1_29' title='bbox 721 560 853 585; x_wconf 85' lang='lat' dir='ltr'><strong>servus</strong></span> <span class='ocrx_word' id='word_1_30' title='bbox 877 547 1031 598; x_wconf 86' lang='lat' dir='ltr'><strong>juvenis</strong></span> <span class='ocrx_word' id='word_1_31' title='bbox 1059 547 1130 584; x_wconf 89' lang='lat' dir='ltr'><strong>iste</strong></span> <span class='ocrx_word' id='word_1_32' title='bbox 1157 547 1297 584; x_wconf 86' lang='lat' dir='ltr'><strong>amoris</strong></span> <span class='ocrx_word' id='word_1_33' title='bbox 1322 547 1472 597; x_wconf 86' lang='lat' dir='ltr'><strong>indigni</strong></span> <span class='ocrx_word' id='word_1_34' title='bbox 1496 547 1662 584; x_wconf 88' lang='lat' dir='ltr'><strong>vinculis</strong></span> 
     </span>
     <span class='ocr_line' id='line_1_5' title="bbox 313 616 1662 667; baseline -0.004 -9"><span class='ocrx_word' id='word_1_35' title='bbox 313 619 497 658; x_wconf 89' lang='lat' dir='ltr'><strong>irretitus.</strong></span> <span class='ocrx_word' id='word_1_36' title='bbox 518 617 623 664; x_wconf 90' lang='lat' dir='ltr'>Quid</span> <span class='ocrx_word' id='word_1_37' title='bbox 646 617 802 662; x_wconf 87' lang='lat' dir='ltr'><strong>faciam,</strong></span> <span class='ocrx_word' id='word_1_38' title='bbox 823 616 975 667; x_wconf 88' lang='lat' dir='ltr'><strong>inquit,</strong></span> <span class='ocrx_word' id='word_1_39' title='bbox 990 617 1021 653; x_wconf 91' lang='lat' dir='ltr'><strong>si</strong></span> <span class='ocrx_word' id='word_1_40' title='bbox 1041 630 1104 654; x_wconf 90' lang='lat' dir='ltr'><strong>me</strong></span> <span class='ocrx_word' id='word_1_41' title='bbox 1126 625 1239 655; x_wconf 87' lang='lat' dir='ltr'><strong>vocet</strong></span> <span class='ocrx_word' id='word_1_42' title='bbox 1257 630 1344 654; x_wconf 87' lang='lat' dir='ltr'><strong>mea</strong></span> <span class='ocrx_word' id='word_1_43' title='bbox 1364 616 1490 653; x_wconf 89' lang='lat' dir='ltr'><strong>dulcis</strong></span> <span class='ocrx_word' id='word_1_44' title='bbox 1513 617 1662 653; x_wconf 81' lang='lat' dir='ltr'><strong>amica?</strong></span> 
     </span>
     <span class='ocr_line' id='line_1_6' title="bbox 314 685 1664 733; baseline -0.004 -6"><span class='ocrx_word' id='word_1_45' title='bbox 314 702 471 733; x_wconf 88' lang='lat' dir='ltr'><strong>eamne,</strong></span> <span class='ocrx_word' id='word_1_46' title='bbox 499 700 547 724; x_wconf 90' lang='lat' dir='ltr'><strong>an</strong></span> <span class='ocrx_word' id='word_1_47' title='bbox 577 687 747 724; x_wconf 84' lang='lat' dir='ltr'><strong>restem?</strong></span> <span class='ocrx_word' id='word_1_48' title='bbox 772 685 812 722; x_wconf 91' lang='lat' dir='ltr'><strong>Si</strong></span> <span class='ocrx_word' id='word_1_49' title='bbox 839 694 922 732; x_wconf 88' lang='lat' dir='ltr'><strong>eat,</strong></span> <span class='ocrx_word' id='word_1_50' title='bbox 950 698 1114 732; x_wconf 90' lang='lat' dir='ltr'><strong>servus;</strong></span> <span class='ocrx_word' id='word_1_51' title='bbox 1141 687 1173 723; x_wconf 93' lang='lat' dir='ltr'><strong>si</strong></span> <span class='ocrx_word' id='word_1_52' title='bbox 1201 694 1373 732; x_wconf 87' lang='lat' dir='ltr'><strong>recuset,</strong></span> <span class='ocrx_word' id='word_1_53' title='bbox 1394 694 1488 723; x_wconf 93' lang='lat' dir='ltr'><strong>tunc</strong></span> <span class='ocrx_word' id='word_1_54' title='bbox 1515 685 1579 722; x_wconf 92' lang='lat' dir='ltr'><strong>hic</strong></span> <span class='ocrx_word' id='word_1_55' title='bbox 1605 693 1664 723; x_wconf 83' lang='lat' dir='ltr'><strong>est</strong></span> 
     </span>
     <span class='ocr_line' id='line_1_7' title="bbox 315 755 1662 810; baseline -0.003 -14"><span class='ocrx_word' id='word_1_56' title='bbox 315 772 435 810; x_wconf 89' lang='lat' dir='ltr'><strong>quem</strong></span> <span class='ocrx_word' id='word_1_57' title='bbox 452 756 661 808; x_wconf 81' lang='lat' dir='ltr'><strong>quaerimus</strong></span> <span class='ocrx_word' id='word_1_58' title='bbox 672 769 761 793; x_wconf 86' lang='lat' dir='ltr'><strong>vere</strong></span> <span class='ocrx_word' id='word_1_59' title='bbox 776 755 943 792; x_wconf 84' lang='lat' dir='ltr'><strong>liberum</strong></span> <span class='ocrx_word' id='word_1_60' title='bbox 963 763 1003 793; x_wconf 90' lang='lat' dir='ltr'><strong>et</strong></span> <span class='ocrx_word' id='word_1_61' title='bbox 1021 756 1232 806; x_wconf 87' lang='lat' dir='ltr'><strong>sapientem</strong></span> <span class='ocrx_word' id='word_1_62' title='bbox 1248 756 1263 805; x_wconf 94' lang='lat'>(</span> <span class='ocrx_word' id='word_1_63' title='bbox 1278 756 1409 793; x_wconf 69' lang='grc'>161-</span> <span class='ocrx_word' id='word_1_64' title='bbox 1420 756 1533 806; x_wconf 86' lang='lat'>175).</span> <span class='ocrx_word' id='word_1_65' title='bbox 1550 755 1662 792; x_wconf 88' lang='lat' dir='ltr'><strong>Idem</strong></span> 
     </span>
     <span class='ocr_line' id='line_1_8' title="bbox 315 825 1663 879; baseline -0.003 -13"><span class='ocrx_word' id='word_1_66' title='bbox 315 829 394 866; x_wconf 92' lang='lat' dir='ltr'><strong>dici</strong></span> <span class='ocrx_word' id='word_1_67' title='bbox 417 835 554 879; x_wconf 46' lang='lat' dir='ltr'><strong>potest,</strong></span> <span class='ocrx_word' id='word_1_68' title='bbox 571 826 621 863; x_wconf 90' lang='lat' dir='ltr'><strong>de</strong></span> <span class='ocrx_word' id='word_1_69' title='bbox 648 825 881 871; x_wconf 88' lang='lat' dir='ltr'><strong>ambitiosis;</strong></span> <span class='ocrx_word' id='word_1_70' title='bbox 902 838 974 862; x_wconf 88' lang='lat' dir='ltr'><strong>nec</strong></span> <span class='ocrx_word' id='word_1_71' title='bbox 1001 825 1127 862; x_wconf 87' lang='lat' dir='ltr'><strong>multo</strong></span> <span class='ocrx_word' id='word_1_72' title='bbox 1155 826 1284 863; x_wconf 87' lang='lat' dir='ltr'><strong>minus</strong></span> <span class='ocrx_word' id='word_1_73' title='bbox 1313 825 1362 863; x_wconf 89' lang='lat' dir='ltr'><strong>de</strong></span> <span class='ocrx_word' id='word_1_74' title='bbox 1388 825 1663 877; x_wconf 84' lang='lat' dir='ltr'><strong>superstitiosis</strong></span> 
     </span>
     <span class='ocr_line' id='line_1_9' title="bbox 317 893 1662 948; baseline -0.001 -14"><span class='ocrx_word' id='word_1_75' title='bbox 317 897 543 948; x_wconf 85' lang='lat'>(161—188</span> <span class='ocrx_word' id='word_1_76' title='bbox 562 899 590 943; x_wconf 89' lang='lat'><strong>).</strong></span> <span class='ocrx_word' id='word_1_77' title='bbox 611 897 714 933; x_wconf 92' lang='lat' dir='ltr'><strong>Tum</strong></span> <span class='ocrx_word' id='word_1_78' title='bbox 732 895 893 932; x_wconf 90' lang='lat' dir='ltr'><strong>demum</strong></span> <span class='ocrx_word' id='word_1_79' title='bbox 911 894 1047 932; x_wconf 86' lang='lat' dir='ltr'><strong>lectori</strong></span> <span class='ocrx_word' id='word_1_80' title='bbox 1065 893 1330 946; x_wconf 85' lang='lat' dir='ltr'><strong>colligendum</strong></span> <span class='ocrx_word' id='word_1_81' title='bbox 1347 895 1452 933; x_wconf 86' lang='lat' dir='ltr'><strong>istud</strong></span> <span class='ocrx_word' id='word_1_82' title='bbox 1467 899 1582 947; x_wconf 69' lang='lat' dir='ltr'><strong>poeta</strong></span> <span class='ocrx_word' id='word_1_83' title='bbox 1599 908 1662 932; x_wconf 85' lang='lat' dir='ltr'><strong>re-</strong></span> 
     </span>
     <span class='ocr_line' id='line_1_10' title="bbox 315 965 1662 1018; baseline -0.003 -13"><span class='ocrx_word' id='word_1_84' title='bbox 315 968 453 1018; x_wconf 77' lang='lat' dir='ltr'><strong>liquit5</strong></span> <span class='ocrx_word' id='word_1_85' title='bbox 479 965 649 1004; x_wconf 85' lang='lat' dir='ltr'><strong>scilicet:</strong></span> <span class='ocrx_word' id='word_1_86' title='bbox 674 978 805 1002; x_wconf 80' lang='lat' dir='ltr'><strong>omnes</strong></span> <span class='ocrx_word' id='word_1_87' title='bbox 829 966 953 1001; x_wconf 79' lang='lat' dir='ltr'><strong>malos</strong></span> <span class='ocrx_word' id='word_1_88' title='bbox 980 978 1104 1001; x_wconf 81' lang='lat' dir='ltr'><strong>servos</strong></span> <span class='ocrx_word' id='word_1_89' title='bbox 1128 977 1209 1000; x_wconf 83' lang='lat' dir='ltr'><strong>esse</strong></span> <span class='ocrx_word' id='word_1_90' title='bbox 1221 979 1235 1009; x_wconf 91' lang='grc'><strong>,·</strong></span> <span class='ocrx_word' id='word_1_91' title='bbox 1257 966 1447 1001; x_wconf 82' lang='lat' dir='ltr'><strong>neminem</strong></span> <span class='ocrx_word' id='word_1_92' title='bbox 1458 993 1472 1010; x_wconf 91' lang='lat'><em>‚</em></span> <span class='ocrx_word' id='word_1_93' title='bbox 1499 967 1576 1003; x_wconf 79' lang='lat' dir='ltr'><strong>nisi</strong></span> <span class='ocrx_word' id='word_1_94' title='bbox 1596 978 1662 1001; x_wconf 85' lang='lat' dir='ltr'><strong>sa-</strong></span> 
     </span>
     <span class='ocr_line' id='line_1_11' title="bbox 307 1034 1476 1088; baseline -0.003 -13"><span class='ocrx_word' id='word_1_95' title='bbox 307 1039 506 1088; x_wconf 71' lang='lat' dir='ltr'><strong>pietatem,</strong></span> <span class='ocrx_word' id='word_1_96' title='bbox 530 1037 699 1073; x_wconf 87' lang='lat' dir='ltr'><strong>liberum.</strong></span> <span class='ocrx_word' id='word_1_97' title='bbox 718 1035 839 1072; x_wconf 85' lang='lat' dir='ltr'><strong>Addit</strong></span> <span class='ocrx_word' id='word_1_98' title='bbox 858 1043 986 1072; x_wconf 91' lang='lat' dir='ltr'><strong>tamen</strong></span> <span class='ocrx_word' id='word_1_99' title='bbox 1007 1034 1116 1085; x_wconf 92' lang='lat' dir='ltr'><strong>quod</strong></span> <span class='ocrx_word' id='word_1_100' title='bbox 1133 1034 1376 1072; x_wconf 78' lang='lat' dir='ltr'><strong>verissimum</strong></span> <span class='ocrx_word' id='word_1_101' title='bbox 1393 1042 1450 1071; x_wconf 85' lang='lat' dir='ltr'><strong>est</strong></span> <span class='ocrx_word' id='word_1_102' title='bbox 1466 1047 1476 1071; x_wconf 77' lang='lat' dir='ltr'><strong><em>z</em></strong></span> 
     </span>
     <span class='ocr_line' id='line_1_12' title="bbox 503 1120 1314 1162; baseline -0.004 -6"><span class='ocrx_word' id='word_1_103' title='bbox 503 1121 647 1156; x_wconf 87' lang='lat' dir='ltr'><strong>Dixeris</strong></span> <span class='ocrx_word' id='word_1_104' title='bbox 663 1121 740 1155; x_wconf 84' lang='lat' dir='ltr'><strong>haec</strong></span> <span class='ocrx_word' id='word_1_105' title='bbox 759 1121 854 1154; x_wconf 88' lang='lat' dir='ltr'><strong>inter</strong></span> <span class='ocrx_word' id='word_1_106' title='bbox 871 1120 1046 1155; x_wconf 84' lang='lat' dir='ltr'><strong>var&#39;icosos</strong></span> <span class='ocrx_word' id='word_1_107' title='bbox 1065 1120 1290 1154; x_wconf 83' lang='lat' dir='ltr'><strong>centuriones</strong></span> <span class='ocrx_word' id='word_1_108' title='bbox 1302 1144 1314 1162; x_wconf 90' lang='lat'><strong>‚</strong></span> 
     </span>
    </p>
   </div>
   <div class='ocr_carea' id='block_1_3' title="bbox 505 1177 1348 1272">
    <p class='ocr_par' dir='ltr' id='par_1_3' title="bbox 505 1177 1348 1272">
     <span class='ocr_line' id='line_1_13' title="bbox 505 1177 1348 1224; baseline -0.002 -11"><span class='ocrx_word' id='word_1_109' title='bbox 505 1180 691 1214; x_wconf 89' lang='lat' dir='ltr'><strong>Continuo</strong></span> <span class='ocrx_word' id='word_1_110' title='bbox 710 1191 867 1213; x_wconf 86' lang='lat' dir='ltr'><strong>crassum</strong></span> <span class='ocrx_word' id='word_1_111' title='bbox 885 1177 979 1212; x_wconf 88' lang='lat' dir='ltr'><strong>ridet</strong></span> <span class='ocrx_word' id='word_1_112' title='bbox 995 1178 1182 1212; x_wconf 86' lang='lat' dir='ltr'><strong>Pulfenius</strong></span> <span class='ocrx_word' id='word_1_113' title='bbox 1199 1178 1325 1224; x_wconf 87' lang='lat' dir='ltr'><strong>ingens</strong></span> <span class='ocrx_word' id='word_1_114' title='bbox 1336 1202 1348 1220; x_wconf 85' lang='lat'>‚</span> 
     </span>
     <span class='ocr_line' id='line_1_14' title="bbox 505 1236 1340 1272; baseline -0.004 0"><span class='ocrx_word' id='word_1_115' title='bbox 505 1238 552 1272; x_wconf 91' lang='lat' dir='ltr'><strong>Et</strong></span> <span class='ocrx_word' id='word_1_116' title='bbox 570 1246 716 1272; x_wconf 87' lang='lat' dir='ltr'><strong>centum</strong></span> <span class='ocrx_word' id='word_1_117' title='bbox 734 1237 877 1272; x_wconf 88' lang='lat' dir='ltr'><strong>Graecos</strong></span> <span class='ocrx_word' id='word_1_118' title='bbox 896 1245 1001 1271; x_wconf 86' lang='lat' dir='ltr'><strong>curto</strong></span> <span class='ocrx_word' id='word_1_119' title='bbox 1019 1245 1182 1270; x_wconf 87' lang='lat' dir='ltr'><strong>centusse</strong></span> <span class='ocrx_word' id='word_1_120' title='bbox 1199 1236 1340 1270; x_wconf 88' lang='lat' dir='ltr'><strong>licetur.</strong></span> 
     </span>
    </p>
   </div>
   <div class='ocr_carea' id='block_1_4' title="bbox 317 1302 1666 1719">
    <p class='ocr_par' dir='ltr' id='par_1_4' title="bbox 317 1302 1666 1719">
     <span class='ocr_line' id='line_1_15' title="bbox 318 1302 1665 1371; baseline -0.003 -11"><span class='ocrx_word' id='word_1_121' title='bbox 318 1325 367 1360; x_wconf 88' lang='lat' dir='ltr'><strong>Et</strong></span> <span class='ocrx_word' id='word_1_122' title='bbox 390 1330 447 1361; x_wconf 89' lang='lat' dir='ltr'><strong>est</strong></span> <span class='ocrx_word' id='word_1_123' title='bbox 476 1334 520 1359; x_wconf 89' lang='lat' dir='ltr'><strong>ea</strong></span> <span class='ocrx_word' id='word_1_124' title='bbox 548 1321 662 1358; x_wconf 89' lang='lat' dir='ltr'><strong>satira</strong></span> <span class='ocrx_word' id='word_1_125' title='bbox 687 1320 932 1371; x_wconf 83' lang='lat' dir='ltr'><strong>dignissima,</strong></span> <span class='ocrx_word' id='word_1_126' title='bbox 952 1332 1040 1371; x_wconf 88' lang='lat' dir='ltr'><strong>quae</strong></span> <span class='ocrx_word' id='word_1_127' title='bbox 1069 1319 1170 1357; x_wconf 82' lang='lat' dir='ltr'><strong>inter</strong></span> <span class='ocrx_word' id='word_1_128' title='bbox 1197 1331 1337 1357; x_wconf 88' lang='lat' dir='ltr'><strong>manus</strong></span> <span class='ocrx_word' id='word_1_129' title='bbox 1358 1320 1550 1371; x_wconf 83' lang='lat' dir='ltr'><strong>juvenum</strong></span> <span class='ocrx_word' id='word_1_130' title='bbox 1573 1302 1665 1370; x_wconf 81' lang='lat' dir='ltr'><strong>per-</strong></span> 
     </span>
     <span class='ocr_line' id='line_1_16' title="bbox 317 1389 1666 1444; baseline -0.002 -14"><span class='ocrx_word' id='word_1_131' title='bbox 317 1401 439 1444; x_wconf 84' lang='lat' dir='ltr'><strong>petuo</strong></span> <span class='ocrx_word' id='word_1_132' title='bbox 460 1399 646 1430; x_wconf 85' lang='lat' dir='ltr'><strong>versetur.</strong></span> <span class='ocrx_word' id='word_1_133' title='bbox 668 1392 721 1429; x_wconf 87' lang='lat' dir='ltr'><strong>Ea</strong></span> <span class='ocrx_word' id='word_1_134' title='bbox 741 1391 983 1442; x_wconf 89' lang='lat' dir='ltr'><strong>praecipuum</strong></span> <span class='ocrx_word' id='word_1_135' title='bbox 1009 1389 1151 1441; x_wconf 87' lang='lat' dir='ltr'><strong>dogma</strong></span> <span class='ocrx_word' id='word_1_136' title='bbox 1178 1390 1390 1428; x_wconf 84' lang='lat' dir='ltr'><strong>stoicorum</strong></span> <span class='ocrx_word' id='word_1_137' title='bbox 1417 1389 1534 1428; x_wconf 84' lang='lat' dir='ltr'><strong>offert</strong></span> <span class='ocrx_word' id='word_1_138' title='bbox 1556 1390 1666 1441; x_wconf 87' lang='lat' dir='ltr'><strong>quod</strong></span> 
     </span>
     <span class='ocr_line' id='line_1_17' title="bbox 319 1460 1664 1513; baseline -0.002 -12"><span class='ocrx_word' id='word_1_139' title='bbox 319 1464 458 1501; x_wconf 84' lang='lat' dir='ltr'><strong>frustra</strong></span> <span class='ocrx_word' id='word_1_140' title='bbox 475 1462 657 1500; x_wconf 88' lang='lat' dir='ltr'><strong>Horatius</strong></span> <span class='ocrx_word' id='word_1_141' title='bbox 675 1462 864 1513; x_wconf 86' lang='lat' dir='ltr'><strong>exagitare</strong></span> <span class='ocrx_word' id='word_1_142' title='bbox 881 1469 919 1498; x_wconf 89' lang='lat' dir='ltr'><strong>et</strong></span> <span class='ocrx_word' id='word_1_143' title='bbox 936 1460 1096 1498; x_wconf 83' lang='lat' dir='ltr'><strong>irridere</strong></span> <span class='ocrx_word' id='word_1_144' title='bbox 1120 1469 1282 1498; x_wconf 86' lang='lat' dir='ltr'><strong>conatus</strong></span> <span class='ocrx_word' id='word_1_145' title='bbox 1302 1469 1379 1507; x_wconf 90' lang='lat' dir='ltr'><strong>est,</strong></span> <span class='ocrx_word' id='word_1_146' title='bbox 1400 1461 1441 1498; x_wconf 90' lang='lat' dir='ltr'><strong>in</strong></span> <span class='ocrx_word' id='word_1_147' title='bbox 1461 1468 1530 1498; x_wconf 85' lang='lat' dir='ltr'><strong>sat.</strong></span> <span class='ocrx_word' id='word_1_148' title='bbox 1553 1462 1574 1498; x_wconf 90' lang='lat'>3</span> <span class='ocrx_word' id='word_1_149' title='bbox 1593 1460 1664 1498; x_wconf 87' lang='lat' dir='ltr'><strong>lib.</strong></span> 
     </span>
     <span class='ocr_line' id='line_1_18' title="bbox 319 1530 1665 1585; baseline -0.003 -14"><span class='ocrx_word' id='word_1_150' title='bbox 319 1533 460 1585; x_wconf 87' lang='lat' dir='ltr'><strong>primi,</strong></span> <span class='ocrx_word' id='word_1_151' title='bbox 474 1541 513 1570; x_wconf 89' lang='lat' dir='ltr'><strong>et</strong></span> <span class='ocrx_word' id='word_1_152' title='bbox 523 1532 628 1570; x_wconf 85' lang='lat' dir='ltr'><strong>alibi.</strong></span> <span class='ocrx_word' id='word_1_153' title='bbox 640 1531 748 1569; x_wconf 83' lang='lat' dir='ltr'>Nihil</span> <span class='ocrx_word' id='word_1_154' title='bbox 763 1531 929 1569; x_wconf 90' lang='lat' dir='ltr'><strong>dubium</strong></span> <span class='ocrx_word' id='word_1_155' title='bbox 942 1531 1038 1582; x_wconf 85' lang='lat' dir='ltr'><strong>quin</strong></span> <span class='ocrx_word' id='word_1_156' title='bbox 1048 1560 1059 1578; x_wconf 93' lang='lat'>,</span> <span class='ocrx_word' id='word_1_157' title='bbox 1075 1531 1115 1568; x_wconf 90' lang='lat' dir='ltr'><strong>in</strong></span> <span class='ocrx_word' id='word_1_158' title='bbox 1130 1531 1407 1582; x_wconf 86' lang='lat' dir='ltr'><strong>qualicumque</strong></span> <span class='ocrx_word' id='word_1_159' title='bbox 1419 1530 1642 1568; x_wconf 88' lang='lat' dir='ltr'><strong>conditione</strong></span> <span class='ocrx_word' id='word_1_160' title='bbox 1652 1558 1665 1575; x_wconf 88' lang='lat'>‚</span> 
     </span>
     <span class='ocr_line' id='line_1_19' title="bbox 320 1595 1666 1652; baseline -0.003 -12"><span class='ocrx_word' id='word_1_161' title='bbox 320 1595 425 1641; x_wconf 29' lang='lat' dir='ltr'><strong>liber*</strong></span> <span class='ocrx_word' id='word_1_162' title='bbox 447 1602 554 1640; x_wconf 88' lang='lat' dir='ltr'><strong>solus</strong></span> <span class='ocrx_word' id='word_1_163' title='bbox 578 1602 628 1640; x_wconf 88' lang='lat' dir='ltr'><strong>sit</strong></span> <span class='ocrx_word' id='word_1_164' title='bbox 655 1609 695 1640; x_wconf 90' lang='lat' dir='ltr'><strong>et</strong></span> <span class='ocrx_word' id='word_1_165' title='bbox 722 1601 835 1646; x_wconf 79' lang='lat' dir='ltr'><strong>felix,</strong></span> <span class='ocrx_word' id='word_1_166' title='bbox 866 1601 934 1652; x_wconf 90' lang='lat' dir='ltr'><strong>qui</strong></span> <span class='ocrx_word' id='word_1_167' title='bbox 963 1614 1044 1639; x_wconf 90' lang='lat' dir='ltr'><strong>non</strong></span> <span class='ocrx_word' id='word_1_168' title='bbox 1079 1601 1192 1638; x_wconf 86' lang='lat' dir='ltr'><strong>servit</strong></span> <span class='ocrx_word' id='word_1_169' title='bbox 1220 1600 1451 1648; x_wconf 86' lang='lat' dir='ltr'><strong>ambitioni,</strong></span> <span class='ocrx_word' id='word_1_170' title='bbox 1476 1599 1666 1645; x_wconf 80' lang='lat' dir='ltr'><strong>avaritiae,</strong></span> 
     </span>
     <span class='ocr_line' id='line_1_20' title="bbox 322 1672 602 1719; baseline -0.004 -10"><span class='ocrx_word' id='word_1_171' title='bbox 322 1672 508 1719; x_wconf 83' lang='lat' dir='ltr'><strong>luxuriae,</strong></span> <span class='ocrx_word' id='word_1_172' title='bbox 529 1679 602 1710; x_wconf 86' lang='lat' dir='ltr'><strong>etc.</strong></span> 
     </span>
    </p>
   </div>
  </div>
 </body>
</html>
