1846 3184
335 337 419 382 290
597 324 644 366 C.
675 323 942 388 LUCILII?
967 324 1390 368 FRAGMENTA

906 408 937 443 L
950 409 989 444 X
1001 409 1020 444 1
1033 409 1083 444 X.

391 496 984 508 .......................
1006 472 1081 509 Hic
1099 473 1295 510 cruciatur
1315 473 1414 510 fame
1426 500 1438 519 ‚

381 534 537 587 Frigore
550 565 561 582 ,
577 534 712 572 illuvie
727 563 738 581 ‚
760 535 962 574 inbalnitie
973 565 984 582 ‚
1004 536 1290 588 improfundie,
1308 538 1470 575 incuria.

927 600 960 635 L
971 600 1012 636 X
1021 601 1074 639 X.

379 663 559 702 cribrum
569 691 579 709 ,
594 661 899 710 incerniculum‚
911 662 1110 701 lucernam
1122 664 1163 702 in
1174 665 1333 703 laterem
1345 665 1386 704 in
1398 665 1515 703 telam
1526 665 1674 705 licium.

908 730 940 765 L
949 730 990 766 X
1002 730 1041 765 X
1053 730 1085 765 1.

372 793 443 830 ,Dii
459 789 654 830 mouerint
673 791 856 839 meliora,
875 801 993 843 atque
1007 793 1216 851 amentiam
1234 794 1538 834 averruncassint
1555 804 1673 833 tuam.

847 942 1155 955 mmmm

449 1058 544 1102 EX
582 1056 799 1102 LIBRO
835 1056 1052 1102 XXVII
1090 1057 1537 1103 SATIRARUM.

975 1190 1008 1226 1.

373 1254 423 1293 Id
444 1254 558 1293 bonis
579 1268 697 1307 porro
711 1283 723 1301 ‚
744 1266 815 1292 seu
834 1254 1061 1305 proprium,
1080 1262 1138 1292 est
1154 1254 1267 1302 viris,

371 1321 413 1358 Si
434 1320 519 1357 irati
531 1349 542 1366 ‚
563 1333 634 1357 seu
653 1320 719 1357 cui
738 1319 898 1371 propitii
917 1326 1007 1356 sunt
1026 1319 1076 1365 ii,
1095 1327 1141 1356 ut

369 1384 528 1422 Diutius
546 1384 683 1422 eadem
700 1397 779 1421 una
794 1391 975 1422 maneant
993 1384 1034 1421 in
1052 1383 1262 1429 sententia,

370 1452 460 1487 Non
478 1462 570 1486 cum
586 1448 825 1499 benignitate
845 1448 1088 1486 sollicitarier
1105 1447 1321 1499 proposito.
1361 1484 1367 1489 ,

959 1515 979 1550 Ι
992 1515 1025 1549 Ι.

372 1581 534 1630 Coquus
541 1590 623 1616 non
634 1585 745 1616 curat
752 1577 917 1618 caudam
927 1577 1119 1628 insignem
1130 1589 1227 1623 esse,
1236 1577 1303 1614 illa
1311 1577 1409 1615 dum
1421 1578 1578 1629 pinguis
1588 1578 1671 1616 siet:

370 1643 501 1681 Amici
516 1650 700 1694 quaerunt
716 1642 893 1680 animum
909 1641 964 1679 sic
974 1669 985 1687 ,
1001 1641 1158 1693 parasiti
1174 1649 1303 1678 autem
1321 1641 1487 1679 divitias.

945 1707 965 1743 1
977 1707 997 1743 1
1009 1707 1041 1742 Ι.

370 1773 476 1811 Facit
493 1772 599 1811 idem
619 1771 729 1824 quod
747 1770 830 1818 illi,
849 1770 919 1822 qui
935 1770 1168 1822 inscriptum
1184 1783 1205 1808 e
1223 1777 1342 1822 portu
1354 1778 1559 1822 exportant
1573 1770 1674 1809 clan-

318 1838 478 1885 culum,
498 1850 549 1876 ne
564 1836 786 1889 portorium
804 1835 910 1873 dent.

866 1941 869 1953 Κ
955 1902 974 1937 I
983 1903 1032 1939 V.

379 1992 814 2002 .................
838 1964 1014 2003 Salutem
1031 1965 1131 2002 fictis
1144 1964 1321 2002 versibus
1338 1963 1512 2002 Lucilius
1522 1992 1534 2010 ‚

373 2029 528 2076 Quibus
543 2036 694 2079 potest,
710 2029 884 2079 impertit
897 2059 907 2076 ,
925 2038 1134 2081 totumque
1150 2029 1226 2067 hoc
1243 2028 1415 2067 studiose
1430 2037 1470 2066 et
1484 2027 1635 2066 sedulo.

969 2095 1016 2129 V.
1326 2106 1332 2110 ·

374 2160 436 2195 Tu
452 2156 653 2195 Lucilium
671 2155 798 2193 credis
818 2164 1113 2203 contentumm,
1130 2158 1220 2194 cum
1238 2171 1301 2195 me
1313 2157 1504 2208 ruperim,
1523 2169 1674 2201 summa

322 2222 452 2261 omnia
469 2221 640 2264 fecerim.

369 2355 430 2394 69.
444 2351 595 2385 Nonius:
609 2349 734 2381 IIIuvies
742 2372 754 2388 ,
768 2349 892 2381 sordes.
1073 2350 1105 2380 3.
1138 2348 1273 2380 Nonius
1294 2361 1302 2379 ε
1336 2348 1516 2379 Portorium
1552 2348 1675 2380 dicitur

371 2418 426 2446 70.
438 2405 585 2438 Nonius:
603 2404 761 2435 Cn'brum.
1025 2413 1167 2441 merces,
1183 2413 1258 2444 quae
1275 2401 1471 2444 porion-ibus
1487 2402 1595 2433 datur.

373 2470 427 2500 7¹·
451 2458 603 2491 Nonius:
617 2459 838 2488 Aren-uncam
846 2478 858 2494 ,
876 2465 972 2486 aver·
1075 2461 1107 2492 4.
1123 2455 1274 2486 Nouius:
1287 2454 1443 2497 Fingere,
1459 2465 1672 2496 componete.

324 2521 401 2546 tere.
1027 2509 1139 2541 Idem:
1154 2508 1320 2550 Impereire
1340 2514 1390 2539 est
1409 2508 1624 2551 participare,
1642 2515 1675 2539 et

376 2579 405 2598 1.
430 2566 581 2598 Nonius:
598 2564 757 2607 Propitios
775 2570 809 2595 et
823 2564 973 2607 placatos
1026 2569 1153 2605 partem
1162 2562 1249 2593 dare.
1258 2561 1368 2592 Idem:
1383 2561 1500 2592 Sedulo
1513 2560 1676 2604 significat

326 2620 481 2652 homines
495 2619 562 2650 dici
575 2626 720 2650 vetustas
732 2618 852 2650 voluit.
1027 2617 1098 2648 sine
1116 2616 1204 2647 dolo.

375 2683 406 2703 α.
428 2674 583 2704 Nonius:
604 2672 738 2715 Insigne
761 2671 886 2704 dicitur
902 2682 973 2704 ma·
1065 2669 1108 2701 -5,
1123 2668 1256 2699 Nonius
1273 2680 1280 2698 ε
1303 2668 1540 2702 Contentumm.
1559 2667 1669 2700 Idem:

328 2735 431 2767 gnum
450 2734 481 2757 et
497 2733 667 2768 praestans.
1027 2725 1200 2765 Rumpere,
1217 2721 1404 2764 defatigare.
