1846 3184
724 258 852 303 SA'r
865 257 887 301 Ι
901 258 941 300 ll
950 258 990 300 A
1027 257 1064 299 V
1077 256 1115 300 I.
1519 274 1536 302 1
1545 275 1600 318 77

309 344 570 401 Clivumque
585 341 642 384 ad
657 339 813 384 Virbi:
832 351 989 399 praesto
1006 350 1071 382 est
1088 338 1198 381 mihi
1214 336 1388 390 Manius
1402 338 1542 384 heres.

315 419 545 479 Progenies
561 417 714 461 terrae?
731 418 887 477 Quaere
904 433 958 460 ex
973 431 1042 459 me
1054 449 1066 470 ‚
1083 417 1179 474 quis
1197 417 1306 458 mihi
1325 429 1503 474 quartus

313 497 378 538 Sit
385 493 642 554 paterghaud
651 505 850 552 prompte
858 493 1011 536 dicam.
1020 493 1184 535 Tamen
1194 492 1304 535 adde
1313 493 1442 535 etiam
1450 509 1586 536 unum
1593 527 1606 548 ‚

314 572 463 613 Unum
479 571 608 613 etiam
619 602 631 624 ‚
648 580 772 612 terrae
790 581 854 612 est
868 571 958 628 jam
974 569 1111 612 filius:
1132 580 1174 612 et
1189 569 1297 611 mihi
1312 570 1400 612 ritu

256 686 336 721 Hoc
359 684 496 720 dictum
509 710 520 727 ‚
540 692 581 720 ut
600 685 657 719 vel
677 684 906 719 remotissimi

255 739 387 787 gradus
402 740 625 788 cognationis
643 739 904 786 intelligantur.

256 795 451 826 —Bovillas.
463 793 575 827 Vicus
588 793 625 826 in
639 793 755 840 Appia
771 793 825 827 via
835 817 846 833 ‚
861 790 907 826 ad

255 845 492 891 undecimum
519 845 677 892 lapidem
708 845 751 879 ab
781 846 882 879 Urbe
896 870 907 886 ,

257 899 322 932 ubi
340 897 493 952 Clpdius
510 911 529 931 a
544 899 682 932 Milone
698 898 908 931 interfectus

258 960 325 987 est.
334 950 442 986 Sedes
454 960 528 985 erat
542 952 712 997 frequens
726 950 910 992 mendicis,

261 1004 347 1052 quia
362 1005 491 1039 tritum
510 1005 578 1038 iter
596 1011 662 1038 est.
678 1003 720 1038 P.

310 1060 366 1093 56.
383 1061 568 1101 Clivumqne
580 1059 628 1090 ad
641 1056 757 1101 Wrbaff]
767 1057 912 1092 Bovillae

261 1118 298 1145 et
325 1104 442 1144 Aricia
466 1110 583 1143 vicina
611 1108 809 1143 admodum
836 1110 913 1143 loca

262 1164 301 1198 in
322 1163 380 1197 via
394 1163 534 1210 Appia:
556 1161 619 1196 sed
641 1161 835 1209 aliquando
856 1175 914 1196 re-

263 1210 397 1252 motior
410 1217 454 1250 ab
468 1216 567 1251 Urbe
579 1216 695 1250 Aricia
709 1241 720 1257 ‚
738 1217 802 1250 ubi
817 1219 915 1249 clivus

266 1271 379 1311 Vir-bf,
400 1269 438 1304 id
463 1279 518 1304 est
530 1295 541 1310 ‚
560 1282 687 1304 nemus
703 1270 889 1304 Aricinum
901 1295 912 1312 ‚

264 1330 300 1358 et
320 1323 548 1358 Nemorensis
569 1323 693 1356 Diana.
709 1322 798 1356 vid.
822 1322 915 1356 Stra-

265 1377 398 1411 bonem
409 1401 419 1416 ,
439 1377 505 1410 lib.
535 1376 582 1409 V.
613 1376 656 1410 C.
667 1380 845 1409 —Proesto
870 1386 918 1409 est

264 1431 348 1463 milae·
358 1431 489 1462 Manius
502 1431 602 1461 heres.
618 1429 694 1463 Hoc
708 1429 846 1463 ironice
857 1442 915 1464 ac·

265 1480 494 1529 cipiendum,
504 1480 543 1515 id
553 1490 620 1523 est,
634 1482 730 1516 inter
741 1482 806 1515 hos
815 1495 915 1516 men-

265 1533 387 1577 dicos,
401 1534 465 1581 qui
477 1534 640 1568 Aricinos
651 1534 857 1568 mendicant
870 1534 916 1568 ad

265 1599 349 1621 axes
364 1612 375 1629 ‚
400 1595 437 1620 ct
463 1586 508 1620 ad
538 1587 671 1620 clivum
692 1586 798 1620 Virbi
814 1611 823 1627 ,
848 1587 917 1621 erit

265 1640 357 1674 mihi
377 1641 480 1674 heres
492 1664 503 1680 ‚
522 1648 557 1673 et
580 1638 728 1685 quidem
749 1640 892 1673 Manius
904 1665 915 1681 ‚

266 1692 307 1727 id
318 1702 388 1733 est,
405 1694 460 1727 vir
477 1693 580 1727 fortis
592 1719 603 1735 ,
620 1701 787 1726 strenuus
797 1718 808 1734 ‚
822 1702 857 1727 et
871 1694 917 1727 si.—

268 1746 363 1780 milis
377 1746 511 1780 Manio.
532 1747 645 1780 Porro
655 1771 665 1785 ‚
682 1747 826 1780 Manius
840 1747 920 1792 qui-

269 1799 353 1833 dam
364 1823 375 1840 ‚
390 1807 431 1833 ut
442 1800 490 1833 ait
504 1799 646 1838 Festus,
658 1799 780 1832 Dianae
793 1812 920 1844 agrum

269 1851 434 1885 etlucum
445 1860 725 1890 consecraverat,
731 1859 776 1891 et,
784 1865 829 1885 ne
838 1852 919 1898 quis

268 1904 412 1938 virtutis
439 1916 568 1950 expers
597 1903 839 1938 saeerdotium
866 1913 919 1938 te-

269 1965 372 1991 neret
383 1981 393 1998 ‚
408 1964 579 1991 statuerat
596 1957 765 1991 omnibus
778 1957 919 1992 licitum

269 2010 348 2043 fore
355 2008 574 2043 sacerdotem
582 2009 783 2044 interficere
790 2022 829 2043 ac
836 2023 919 2056 sup-

268 2063 445 2109 plantare.
460 2062 568 2097 Unde
580 2064 816 2109 proverbium
827 2063 919 2098 illud

269 2117 392 2150 Romae
413 2116 539 2150 tritum
551 2142 562 2156 ,
578 2119 673 2150 multi
690 2119 798 2150 Manii
813 2119 920 2150 Arici-

271 2181 326 2201 noe
342 2182 356 2201 .·
378 2181 462 2203 nam
486 2168 727 2203 sacerdotium
751 2170 821 2204 hoc
845 2170 919 2204 sola

958 685 1097 719 virtute
1116 693 1256 732 poterat
1273 686 1391 733 parari
1407 694 1445 722 et
1465 699 1609 722 conser-

959 737 1047 771 vari.
1062 738 1104 770 A.

1009 791 1066 836 57.
1082 792 1254 835 Progenies
1263 791 1392 836 terroe?]
1411 791 1609 838 Responsio

960 842 1115 877 heredis.
1135 844 1182 877 At
1205 844 1347 878 Manius
1370 843 1438 878 iste
1457 853 1511 878 est
1527 858 1611 888 pro-

958 899 1069 941 genies
1079 906 1195 935 terroe,
1211 895 1249 930 id
1269 905 1342 939 est,
1357 897 1532 932 obscurus
1545 898 1613 932 ho·

963 963 1024 984 mo
1036 975 1047 991 ‚
1073 962 1210 999 genere¹
1223 950 1385 984 incertus
1396 976 1408 992 ‚
1426 960 1462 985 et
1474 976 1484 992 ‚
1505 959 1546 985 ut
1563 952 1615 985 ait

964 1004 986 1038 J
989 1003 1150 1038 uvenalis
1161 1028 1170 1043 ,
1185 1012 1251 1037 sat.
1273 1004 1343 1045 IV,
1358 1017 1390 1038 v.
1410 1005 1455 1050 98
1466 1031 1477 1047 ,
1484 1005 1615 1048 frater-

965 1060 1055 1091 culus
1067 1060 1279 1102 Gigantis.—
1289 1060 1406 1100 Quoere
1419 1070 1463 1090 ea·
1474 1071 1525 1091 me
1530 1083 1542 1097 ,
1555 1068 1615 1091 etc.

966 1110 1086 1157 inquit
1109 1114 1229 1157 po'e'ta.
1252 1111 1310 1145 Tu
1339 1110 1430 1145 dicis
1452 1111 1616 1145 Manium

966 1163 1076 1197 istum
1094 1176 1167 1197 esse
1184 1163 1259 1197 sine
1277 1171 1444 1210 parente,
1458 1162 1616 1210 ideoque

966 1216 1135 1251 heredem
1152 1229 1273 1251 meum
1298 1229 1372 1250 non
1395 1230 1470 1251 esse
1487 1230 1618 1263 posse;

967 1279 1023 1312 at,
1042 1278 1126 1317 pete
1149 1283 1169 1304 a
1194 1283 1251 1304 me
1273 1270 1356 1316 quis
1373 1271 1418 1304 sit
1437 1283 1538 1304 meus
1556 1271 1620 1304 ab·

966 1334 1067 1364 avus,
1077 1334 1150 1355 non
1163 1321 1265 1355 facile
1276 1320 1404 1356 dicam.
1414 1321 1450 1355 Si
1458 1321 1620 1368 gradum

967 1375 1189 1422 cognationis
1209 1387 1326 1408 unum
1348 1374 1514 1420 adjicias,
1535 1375 1622 1409 alte·

967 1441 1051 1462 rum
1073 1428 1181 1461 etiam
1203 1452 1213 1467 ‚
1239 1427 1329 1460 nihil
1353 1427 1469 1461 dicam
1491 1441 1500 1461 :
1523 1438 1621 1461 terra·

957 1481 1054 1527 filius
1080 1483 1164 1520 erit,
1187 1479 1225 1514 id
1249 1488 1328 1521 est,
1353 1481 1528 1514 obscurus
1544 1506 1554 1521 ‚
1583 1490 1622 1515 et

969 1533 1058 1568 mihi
1090 1545 1239 1579 prorsus
1269 1534 1477 1579 incognitus
1503 1547 1511 1566 :
1548 1542 1624 1568 tam.

969 1586 1081 1632 igitur
1097 1585 1241 1618 Manius
1263 1586 1332 1619 erit
1354 1585 1442 1619 mihi
1465 1586 1568 1620 heres
1585 1595 1624 1620 et

968 1638 1199 1685 propinquus
1212 1638 1391 1685 quispiam
1409 1647 1546 1673 remota
1562 1652 1623 1673 co-

970 1691 1137 1737 gnatione
1148 1691 1288 1732 affinis,
1305 1691 1350 1726 de
1374 1704 1448 1739 quo
1468 1691 1623 1739 perinde

973 1743 1139 1777 dubitare
1158 1744 1247 1777 mihi
1269 1745 1320 1778 fas
1343 1745 1389 1778 sit
1411 1757 1452 1778 ac
1474 1744 1520 1779 de
1543 1746 1622 1780 Ma·

972 1798 1049 1831 nio.
1060 1801 1261 1840 -Quartus
1274 1809 1384 1842 pater.
1400 1799 1555 1833 Abavus.
1574 1799 1619 1833 Α.

1021 1851 1078 1885 58.
1096 1853 1191 1884 Adde
1203 1854 1300 1885 eciam
1318 1856 1442 1898 tmum.]
1454 1853 1619 1887 Atavum.

1020 1904 1075 1949 59.
1097 1903 1200 1937 Unum
1215 1907 1338 1950 etiam]
1355 1905 1558 1940 Tritavum.
1572 1926 1621 1931 —-

974 1960 1081 1990 Terrae
1089 1959 1165 2002 jam
1191 1967 1239 1990 est
1253 1959 1377 2003 filius-,J
1403 1958 1534 1992 Probat
1560 1971 1622 1992 co-

971 2018 1121 2057 gnatum
1151 2010 1219 2044 sibi
1245 2011 1409 2044 Manium
1439 2024 1523 2045 csse.
1550 2012 1621 2045 Co-

971 2064 1069 2110 gnati
1084 2063 1277 2105 dicuntur‚
1293 2065 1468 2111 inquiunt
1485 2064 1623 2098 Masuri

971 2117 1125 2150 rubricae
1137 2142 1148 2158 ,
1167 2117 1230 2163 qui
1251 2117 1290 2150 in
1314 2130 1387 2151 uno
1406 2118 1512 2150 tertio
1532 2130 1620 2150 con-

971 2170 1154 2205 veniunt:
1179 2182 1311 2217 porro,
1340 2171 1492 2204 tritavus
1517 2182 1621 2203 meus

317 2277 364 2307 V.
381 2276 401 2307 5
405 2277 435 2306 8.
449 2276 550 2306 Haud
557 2284 706 2318 prompte
717 2277 834 2308 dicam.
850 2279 967 2308 Tamen
981 2277 1076 2308 adde.
1091 2278 1144 2309 Sic
1156 2277 1349 2318 interpunxi
1365 2287 1407 2306 ex
1420 2276 1533 2307 codice
1545 2287 1620 2308 meo

271 2334 305 2358 et
319 2327 409 2359 editt.
421 2327 567 2370 antiquis
579 2330 726 2360 Britann.
742 2337 777 2360 et
790 2330 923 2361 Aldina.
937 2332 1015 2360 Vet.
1030 2329 1133 2360 schol.
1152 2329 1280 2360 Casaub
1295 2335 1327 2358 et
1340 2329 1540 2359 recentiores
1552 2330 1619 2360 sic:

273 2375 367 2410 haud
377 2389 546 2423 prompte,
567 2381 674 2412 dicam
697 2390 815 2412 tamen.
837 2383 952 2418 Adde,
966 2390 1025 2412 etc.
1049 2382 1162 2412 Minus
1185 2381 1313 2422 elegans
1332 2381 1417 2411 forte
1438 2388 1488 2412 est
1507 2389 1620 2414 nostra

275 2432 396 2472 lectio,
409 2433 466 2463 sed
479 2433 625 2464 lucidior
641 2441 674 2463 et
688 2434 730 2464 ad
744 2445 812 2464 rem
829 2434 944 2474 aptior.

321 2490 366 2520 V.
390 2490 443 2530 59.
463 2492 567 2521 Unum
588 2492 684 2522 etiam
696 2514 706 2527 ‚
724 2499 781 2521 etc.
804 2491 866 2521 Hic
884 2502 1000 2521 versus
1024 2491 1060 2520 in
1082 2489 1178 2520 codd.
1198 2491 1349 2520 Puteano
1369 2497 1401 2521 et
1414 2491 1620 2532 Pithoeano,

279 2542 367 2579 807²
389 2542 496 2581 abest,
512 2551 546 2574 et
570 2546 677 2586 reipsa
692 2568 702 2584 ,
725 2545 816 2575 salvo
839 2555 958 2581 sensu,
983 2550 1092 2585 potest
1119 2543 1230 2585 rejici3
1250 2545 1375 2586 qnippe
1396 2546 1456 2586 qni
1479 2546 1619 2588 glossam

281 2593 432 2625 redoleat.
451 2597 499 2626 Ita
512 2597 693 2639 legeremus
708 2609 714 2628 :
735 2605 846 2628 tamen
859 2597 942 2627 adde
955 2598 1053 2627 etiam
1068 2607 1172 2627 unum
1183 2619 1194 2635 ‚
1209 2597 1372 2639 ajoutezy·
1385 2599 1567 2640 cependant
1577 2612 1620 2631 un

280 2645 350 2676 seul
360 2645 473 2688 degre',
489 2649 622 2680 Manius
638 2650 708 2681 exit
727 2657 809 2681 tnnc
826 2661 931 2692 prope
951 2649 1055 2690 major
1072 2650 1281 2690 avunculus,
1296 2657 1357 2680 etc.

1336 2721 1385 2749 12
