1846 3184
345 298 402 342 92

686 290 737 335 A.
770 284 1026 342 PERSII
1064 299 1313 349 FLACCI

399 368 599 412 Hesterni
622 374 758 431 capite
781 376 934 420 induto
957 382 1127 426 subiere
1153 385 1354 438 Quirites.

398 444 569 505 Tange,
597 450 744 505 miser,
761 467 910 508 venas,
933 467 975 498 et
998 473 1110 515 pone
1134 461 1178 502 in
1203 474 1375 520 pectore
1397 465 1612 523 dextram3

396 519 470 563 Nil
484 523 593 566 calet
607 523 677 567 hic
691 541 701 567 ε
715 542 986 589 summosque
1001 534 1130 591 pedes
1143 538 1302 597 attinge
1314 572 1326 593 ‚
1342 556 1579 602 manusque
1595 561 1608 599 ;

336 648 443 695 vulgo
465 659 517 684 est
540 661 641 697 porta
666 654 793 696 Urbis;
813 657 872 691 hic
893 671 978 694 vero

337 709 390 735 est
398 704 504 748 janua
517 703 658 738 domus.
672 706 726 739 Ad
741 708 868 742 ostium
882 712 978 745 enim

336 753 592 789 admovebatur
616 757 785 801 cadaver,
808 763 914 796 versis
939 764 976 798 in

333 815 475 852 portam
499 808 672 855 pedibus,
691 812 754 857 qui
784 826 859 847 mos
885 817 976 849 anti-

335 860 550 905 quissimus3
570 871 610 895 ut
634 873 730 909 patet
756 878 802 899 ex
818 867 886 901 hoc
902 868 974 902 Ho-

334 914 425 947 meri
443 915 534 949 loco.
553 916 655 951 Iliad·
669 931 711 951 τε

332 979 449 1011 Κεῖται
462 978 523 1012 ἀνὰ
537 981 685 1027 πρόθυρον
699 986 971 1030 τετραμμένος....

330 1034 447 1070 Etiam
459 1050 556 1072 nunc
567 1049 678 1074 exstat
691 1042 786 1088 apud
797 1056 871 1077 nos.
881 1044 972 1079 Plin.

329 1087 394 1122 lib.
411 1090 483 1123 VII
496 1117 507 1133 ‚
524 1105 601 1139 cap.
625 1094 645 1127 8
655 1107 666 1126 .·
678 1095 743 1126 ritu
758 1106 902 1136 namne,
917 1112 972 1131 ca-

324 1143 395 1185 pite
407 1144 566 1178 hominem
575 1149 669 1192 gtgrni
683 1161 749 1181 mos
764 1160 828 1188 est,
836 1154 972 1193 pedibus

328 1193 452 1236 efferri.
461 1195 567 1229 Istius
577 1206 694 1232 autem
706 1205 893 1248 προθέσεως,
907 1218 970 1240 seu

329 1246 571 1283 collocationis
591 1259 626 1284 et
639 1255 870 1299 expositionis
884 1265 970 1292 tem-

327 1310 396 1344 pus
413 1301 612 1348 legitimum
635 1307 745 1341 trium
766 1309 872 1344 fuisse
894 1310 968 1346 die-

326 1363 410 1386 rum
438 1354 556 1389 innuit
589 1357 687 1392 Plato
721 1361 758 1393 in
788 1362 862 1396 XII
898 1364 963 1410 leg.

324 1405 392 1445 Τὰς
416 1404 454 1441 δὲ
477 1411 637 1455 πρόθεσεις
664 1414 814 1460 πρότερον
839 1417 895 1461 μὲν
918 1418 962 1461 μὴ

324 1461 516 1507 μακρότερον
541 1465 648 1510 χρόνον
681 1463 771 1500 ἔνδον
801 1470 963 1514 γίγνεσθαι

321 1515 377 1544 τοῦ
402 1509 573 1555 δηλοῦντος
596 1518 649 1550 τόν
671 1532 707 1552 τε
729 1522 762 1553 οὐ
782 1524 963 1564 τεθνεῶτα,

321 1564 377 1598 καὶ
395 1566 450 1602 τὸν,
473 1567 570 1607 ὅντως
587 1572 776 1607 τεθνηκότα.
795 1574 851 1610 Εἴη
871 1571 905 1607 δ’
925 1575 962 1610 ἂν

322 1614 439 1660 σχεδὸν
457 1641 467 1658 ,
490 1621 531 1659 ὡς
560 1627 592 1655 τ’
623 1623 804 1669 ἀνθρώπινα
818 1651 828 1667 ,
849 1629 961 1673 μέτρον

320 1669 440 1712 ἔχουσα
458 1696 469 1712 ,
500 1675 631 1719 τριταία
669 1678 747 1722 πρὸς
780 1679 816 1712 τὸ
850 1683 963 1726 μνῆμα

320 1722 446 1768 ἐκφορὰ.
465 1724 507 1758 C.

370 1777 448 1808 106.
467 1779 651 1812 Hesterni....
663 1783 788 1814 subiere
803 1785 962 1829 Quirites]

318 1826 464 1862 Patroni
480 1831 534 1864 sui
554 1832 728 1868 feretrum
744 1836 828 1869 novi
843 1837 961 1872 liberti

317 1881 471 1916 subiere.
491 1885 582 1918 Ct'im
600 1896 699 1921 erant
719 1889 839 1935 plures
858 1899 960 1925 testa—

315 1942 439 1967 mento
448 1938 671 1981 manumissi,
684 1941 814 1986 partim
826 1942 958 1977 lectum

314 1987 514 2032 gestabant,
530 1992 661 2035 partim
673 1992 718 2026 ad
731 1993 823 2028 latus
835 2007 959 2041 proce-

314 2038 465 2087 debant,
485 2053 606 2087 omnes
623 2047 728 2087 capite
741 2048 872 2086 induto,
888 2048 958 2082 hoc

313 2097 365 2123 est
380 2114 391 2131 ‚
414 2090 535 2136 pileati
549 2117 559 2133 ‚
586 2093 685 2139 quod
715 2104 789 2129 erat
818 2097 958 2142 signum

311 2151 461 2188 receptae
486 2156 603 2191 nuper
628 2146 814 2182 libertatis.
840 2150 956 2184 Inter-

310 2193 399 2230 dum
413 2203 527 2231 tamen
541 2198 610 2232 viri
623 2200 834 2235 nobilissimi
849 2203 955 2237 etiam

309 2247 425 2282 alieno
437 2248 530 2283 lecto
544 2250 685 2286 funebri
695 2253 866 2288 humeros
876 2256 955 2289 sub-

306 2299 497 2344 jiciebant;
517 2311 558 2337 ut
575 2312 672 2350 patet
691 2317 736 2340 ex
753 2306 832 2340 val.
853 2308 951 2342 Max.

307 2352 371 2386 lib.
384 2354 451 2396 IV,
470 2366 544 2402 cap.
563 2367 577 2390 1
595 2381 605 2398 ‚
621 2355 666 2391 de
685 2357 862 2404 Scipionis
873 2361 950 2394 Afr.

308 2404 435 2439 sunere
450 2415 485 2440 et
498 2407 584 2442 aliis.
593 2430 639 2435 —
648 2403 796 2444 Hes'terni
808 2414 953 2455 Quirites.

306 2456 406 2491 Servi
419 2471 540 2494 recens
552 2461 716 2496 libertate
728 2461 865 2498 donati.
877 2463 919 2498 C.

357 2522 432 2556 107.
453 2516 579 2556 Tange,
598 2516 711 2554 miser,
726 2517 852 2562 venas]
872 2517 951 2550 Jam

306 2565 469 2599 centurio
493 2561 653 2601 hircosus
678 2567 845 2603 adversus
869 2570 951 2616 phi-

303 2616 497 2663 losophum
509 2620 660 2667 insurgit
669 2646 679 2663 ‚
695 2629 730 2655 et
743 2622 809 2657 ait:
822 2624 875 2657 Ita
887 2623 951 2670 igi·

304 2674 364 2703 tur
388 2680 445 2703 me
477 2671 568 2706 male
599 2684 724 2708 sanum
750 2681 785 2707 et
814 2686 948 2722 aegrum

1031 674 1217 710 nuncupas
1232 665 1249 699 ?
1274 676 1402 715 atque,
1423 671 1452 704 si
1480 679 1550 707 tuae
1575 685 1672 709 com-

1030 717 1221 760 parationis
1241 728 1394 756 mentem
1413 726 1556 770 penitus
1570 739 1673 773 cepe·

1029 767 1121 811 rim,
1145 770 1309 807 insanum
1335 782 1370 808 et
1395 777 1565 819 stultum,
1587 781 1672 826 quia

1029 821 1099 854 tuis
1108 823 1328 870 philosophis
1338 840 1410 862 non
1424 842 1557 864 morem
1567 832 1672 878 gero?

1026 892 1074 898 ———
1082 878 1201 920 Tange,
1209 879 1313 918 miser,
1321 892 1435 920 venas,
1441 892 1499 915 etc.
1506 884 1623 918 Lubin
1629 897 1671 919 111

1026 925 1101 959 haec
1119 928 1162 960 ab
1178 928 1399 966 adolescente
1416 933 1592 981 discipulo
1606 950 1669 972 vo-

1026 977 1094 1011 luit
1122 979 1192 1014 dici
1206 1006 1216 1022 ‚
1236 983 1298 1017 sed
1321 993 1417 1020 extra
1441 999 1581 1023 sensum
1599 1015 1611 1030 ‚
1631 999 1669 1026 et

1023 1041 1147 1066 contra
1157 1035 1390 1071 ratiocinandi
1404 1038 1507 1086 leges.
1516 1041 1585 1075 Alii
1595 1055 1669 1077 me-

1022 1083 1092 1117 lius
1112 1086 1186 1120 haec
1204 1087 1350 1133 quidem
1372 1092 1416 1125 ab
1440 1092 1565 1127 eodem
1585 1107 1668 1130 cen-

1024 1138 1179 1180 turione,
1194 1139 1255 1173 sed
1273 1142 1498 1193 quasilpoe'tae
1512 1155 1669 1183 mentem

1022 1201 1096 1223 non
1116 1190 1364 1236 intellexisset,
1381 1204 1415 1229 et
1436 1197 1549 1244 reipsa
1569 1212 1605 1234 se
1621 1201 1666 1234 ab

1023 1254 1064 1276 eo
1083 1255 1233 1290 corpore
1255 1256 1427 1292 aegrotum
1451 1252 1570 1285 vocari
1589 1265 1666 1287 cre-

1022 1293 1181 1330 didisset.
1195 1298 1259 1331 His
1271 1312 1344 1333 non
1358 1303 1546 1337 assentior:
1563 1305 1666 1352 quip-

1020 1358 1065 1392 pe
1073 1360 1145 1381 non
1156 1362 1198 1382 eo
1205 1351 1408 1387 stoliditatis
1415 1357 1665 1392 centurionem

1019 1398 1199 1436 devenisse
1212 1404 1381 1446 arbitror,
1393 1416 1431 1440 ut
1445 1408 1494 1442 ita
1508 1409 1664 1444 aberras-
1686 1441 1690 1444 ⁴

1017 1463 1078 1487 set.
1091 1454 1185 1488 Eum
1207 1456 1318 1502 igitur
1335 1467 1369 1492 et
1390 1462 1662 1506 comparationis

1015 1517 1162 1552 scopum
1178 1510 1342 1551 sensisse,
1359 1520 1393 1545 et
1412 1513 1570 1547 eamdem
1589 1515 1663 1549 iro-

1016 1558 1096 1592 nice
1129 1564 1428 1607 comparationem
1468 1567 1662 1611 protulisse

1017 1613 1178 1658 conjicio.
1185 1615 1242 1654 At,
1250 1616 1330 1650 vide
1341 1618 1451 1651 totius
1460 1619 1573 1654 satirae
1582 1633 1662 1655 eam

1017 1677 1124 1710 quam
1151 1666 1189 1700 in
1214 1667 1356 1703 duobus
1382 1671 1477 1705 notis
1496 1685 1532 1707 v.
1555 1673 1598 1708 58
1623 1681 1662 1708 et

1016 1730 1060 1763 77
1091 1719 1259 1766 analysim
1288 1721 1468 1758 dedimus.
1490 1729 1660 1761 -Misen

1015 1769 1082 1804 Hic
1103 1785 1175 1806 non
1200 1773 1236 1807 in
1260 1774 1386 1810 eodem
1399 1802 1410 1819 ‚
1431 1790 1504 1824 quo
1525 1779 1658 1826 vulgO,

1013 1835 1117 1858 sensu
1139 1826 1407 1873 accipiendum3
1423 1829 1486 1864 sed
1506 1833 1600 1864 miser
1612 1833 1659 1866 si·

1012 1876 1155 1922 gnificat
1189 1879 1381 1925 pessimum
1408 1906 1419 1923 ‚
1449 1882 1657 1930 impolitum

1011 1929 1293 1976 philosophum3
1314 1933 1372 1967 vel
1395 1935 1517 1981 potius
1530 1961 1541 1976 ‚
1561 1936 1656 1972 Gall.

1011 1983 1137 2015 homme
1152 1985 1174 2015 ὰ
1190 1986 1290 2018 tristes
1311 1987 1482 2027 chimera,
1500 1997 1542 2022 ut
1561 1998 1657 2026 recte

1010 2034 1118 2069 sensit
1136 2035 1270 2083 interp.
1290 2040 1375 2071 Se'lis.
1394 2040 1493 2074 A.-
1505 2045 1654 2086 Panga...

1009 2098 1322 2130 venas,etpone,etc.
1333 2091 1486 2138 Explora
1496 2093 1654 2139 pulsum,

1010 2142 1151 2186 σφυγμὸν
1171 2143 1307 2176 arteriae
1331 2152 1366 2177 et
1387 2145 1504 2180 cordis
1521 2148 1652 2182 motio*-

1007 2203 1104 2225 nem·
1117 2194 1139 2226 J
1142 2194 1250 2227 ulian.
1263 2195 1299 2228 in
1314 2197 1492 2244 Misopog.
1506 2200 1649 2246 πρόσαγε

1007 2249 1053 2290 τῷ
1069 2247 1168 2291 ςέρνῳ
1185 2248 1242 2284 τὴν
1258 2250 1362 2294 χεῖρα.
1388 2249 1429 2283 C·

1056 2306 1133 2339 108.
1153 2309 1210 2340 Nil
1225 2310 1310 2340 calet
1326 2309 1408 2354 lisa]
1430 2310 1649 2347 Immodicas

1005 2356 1055 2390 ibi
1075 2358 1171 2393 calor
1189 2360 1309 2393 nullus
1326 2370 1401 2404 est,
1418 2361 1581 2410 adeoque
1599 2365 1649 2399 fa-

1005 2410 1156 2445 tendum
1179 2424 1236 2446 me
1261 2426 1334 2447 non
1359 2415 1519 2450 laborare
1541 2417 1646 2453 febri.

1003 2467 1264 2508 -Summosque
1276 2469 1383 2509 pedes.
1402 2467 1481 2502 Hoc
1500 2481 1647 2516 quoque

1003 2515 1040 2549 in
1056 2524 1130 2550 arte
1146 2516 1378 2561 medicorum,
1392 2532 1411 2554 e
1425 2532 1647 2557 summarum

1003 2580 1175 2603 manuum
1186 2570 1241 2604 vel
1255 2579 1498 2606 extremorum
1510 2573 1646 2620 pedum

1002 2621 1117 2656 calore
1127 2630 1188 2670 aut
1201 2623 1331 2671 frigore
1340 2624 1520 2672 judicium
1531 2625 1578 2665 de
1586 2639 1644 2664 va-

1000 2673 1160 2709 letudine
1174 2675 1298 2712 facere.
