1846 3184
626 303 630 307 ’
690 298 812 343 SAT
827 298 948 342 IRA
988 298 1024 341 Ι.
1152 317 1156 319 ·
1469 302 1522 345 25

262 382 350 427 Nec
369 396 516 425 manus
534 381 739 424 auriculas
760 382 921 423 imitata
939 391 1002 423 est
1018 379 1190 423 mobilis
1208 381 1342 434 albas;

262 459 350 501 Nec
363 458 519 515 linguae
535 467 701 498 tantum
712 487 725 509 ,
743 457 856 498 sitiat
874 456 991 498 canis
1010 457 1179 514 Appula
1197 467 1422 514 quantum.
1482 464 1527 497 σο

262 534 369 586 Vos,
388 533 416 575 ὁ
433 533 632 591 patricius
653 532 820 591 sanguis
832 564 844 586 ,
862 547 969 590 quos
986 532 1126 575 vivere
1140 533 1207 589 jus
1223 542 1287 574 est
1359 532 1373 539 ”

205 676 303 711 facile
311 676 356 710 sit
363 688 383 709 a
391 675 473 709 fuco
485 686 607 709 eorum
619 674 685 708 sibi
694 686 816 709 cavere
826 698 839 716 ‚

206 729 269 776 qui
278 741 393 763 eoram
406 727 587 763 laudarent
595 752 606 769 ‚
617 741 636 763 a
648 735 746 774 tergo
759 728 840 762 sub-

205 788 400 815 sannarent.
409 779 526 814 C.-0
537 780 675 814 felicem
682 805 692 822 ,
702 780 837 826 inquit,

204 832 353 875 Janum,
370 843 477 878 quem
502 831 694 866 bifrontem
718 832 838 866 nullus

203 883 448 919 subsannavit!
467 884 531 924 At,
544 894 622 925 vos,
640 884 664 916 ὁ
682 883 819 928 patricii
830 909 841 925 ‚

205 936 307 983 queis
336 935 459 969 datum
483 935 603 969 vivere
633 934 708 968 sine
731 935 843 969 oculis

204 989 243 1022 in
257 988 423 1034 occipitio
433 1013 445 1030 ,
463 995 580 1021 cavete
598 999 644 1020 ne
661 985 843 1021 derideant

204 1053 225 1075 a
245 1049 344 1087 tergo
365 1040 473 1075 iidem
487 1065 498 1082 ‚
519 1040 582 1086 qui
604 1051 624 1072 a
648 1039 764 1073 fronte
781 1052 843 1074 vos
862 1058 866 1060 -

204 1092 411 1140 predicant.
438 1092 610 1126 Caeterum
626 1116 637 1132 ‚
659 1091 735 1126 haec
758 1104 843 1138 apo-

205 1145 350 1192 strophe
359 1145 487 1179 salibus
496 1152 531 1178 et
540 1143 724 1178 festivitate
729 1144 844 1191 plena,

205 1206 288 1243 post
297 1210 439 1232 versum
456 1198 500 1231 68
519 1196 647 1230 melius
663 1208 742 1231 meo
755 1209 842 1243 qua-

204 1249 389 1296 licumque
398 1248 537 1296 judicio
551 1248 679 1283 flueret
690 1273 702 1290 ‚
715 1256 750 1283 et
763 1261 843 1295 per-

207 1303 385 1349 ciperetur
393 1327 405 1344 ‚
417 1302 455 1335 in
468 1302 565 1337 hunc
578 1300 727 1335 modum
738 1314 748 1334 :

210 1397 218 1404 .
243 1397 251 1404 .
275 1397 283 1404 .
307 1397 316 1404 .
337 1374 802 1414 Calidum-dsponeresumeu.

206 1420 245 1451 Et
262 1420 747 1460 vem‚inquis.mo;vemm
765 1421 841 1451 mihi

286 1466 381 1497 dicito
395 1467 435 1496 de
449 1476 511 1496 me.

205 1513 267 1550 Qui
273 1513 413 1588 pgtlevais
422 1512 521 1543 diam
527 1513 542 1541 Ρ
551 1513 691 1554 ungam·
697 1513 839 1552 cantavi,

204 1605 328 1646 Pinguis
346 1581 534 1646 aiiualimlas
552 1616 706 1646 propenso
725 1608 840 1648 sesqui-

285 1651 366 1691 pede
379 1658 487 1682 exstet.

205 1697 395 1738 Quispopuli
402 1709 503 1728 sermo
513 1699 580 1728 est?
588 1699 662 1737 Quis
670 1700 752 1730 enim
758 1701 772 1730 ἓ
781 1701 840 1731 nisi

283 1744 415 1774 earmina
426 1744 513 1774 molli

206 1790 298 1820 Nune
316 1790 440 1820 demum
455 1801 585 1821 nmero
602 1791 715 1829 fluere,
729 1799 765 1823 ut
783 1803 841 1834 per

285 1836 354 1867 leve
364 1847 485 1867 severos

206 1881 351 1912 Effmdnt
354 1883 498 1922 junctura
506 1894 633 1925 ungues.
644 1885 708 1915 Scit
716 1885 843 1916 tendere

207 1975 280 2004 Non
286 1938 426 2005 :effi
429 1976 455 2005 si
466 1976 555 2006 oculo
566 1977 720 2008 rubricam
729 1978 842 2019 dirigat

203 2031 524 2107 siresa-immores,
535 2068 697 2107 inluxum,
708 2071 840 2111 inpran-

285 2114 337 2144 di·
347 2124 454 2155 regum
469 2137 479 2151 2

204 2159 316 2190 mom
332 2171 380 2190 res
399 2161 530 2201 grandes
547 2168 653 2193 nostro
676 2164 729 2194 dat
753 2166 842 2196 Mun

205 2252 233 2282 Ο
251 2228 491 2306 Ιιιιῗξ.ι.τει·ςο
511 2265 603 2296 quem
621 2257 706 2287 nulla
725 2258 841 2290 ciconia

206 2346 272 2376 noe
282 2306 397 2376 Ἐξ
415 2349 561 2378 auriculas
579 2350 695 2381 imitata
710 2358 757 2382 est
772 2363 839 2382 mo·

284 2392 356 2422 bili·
367 2394 451 2424 albas
460 2407 470 2429 ;

205 2437 271 2468 Ποῦ
291 2437 402 2480 linguae
423 2446 562 2479 tantum,
584 2443 666 2474 sitiat
686 2445 768 2475 canis
782 2445 842 2485 Ap—

282 2486 356 2525 pula
373 2494 527 2527 quntum.

890 676 969 711 Vos,
988 675 1162 714 spati-icius
1178 675 1320 716 sanguis,
1335 685 1414 716 qnos
1427 675 1531 706 vivere

972 722 1018 750 'us
1030 727 1076 750 est

890 732 1116 807 Oeeiiiitioeeo,
1125 767 1249 808 postioe
1258 769 1411 798 occurrite
1417 778 1527 799 sannae.

894 886 940 893 ·-
952 869 1051 909 Quem
1071 869 1162 900 nulla
1184 868 1308 900 abonii:
1325 869 1439 911 pinsit.
1459 866 1529 900 Pm

894 920 1047 966 generali
1064 920 1173 954 verbo
1194 922 1390 953 subsannare
1399 945 1411 959 ,
1424 923 1528 966 poeta

893 979 963 1005 tres
984 972 1117 1018 species
1134 973 1446 1007 subsannationum
1463 985 1531 1019 po·

894 1025 977 1057 suit.
991 1024 1130 1070 Digitus
1141 1023 1185 1058 ad
1199 1024 1347 1059 modum
1362 1024 1467 1059 rosa-i
1481 1025 1530 1058 ci·

894 1077 1003 1110 coniae
1022 1084 1184 1111 extensus
1198 1085 1251 1112 est
1265 1078 1423 1124 primum
1435 1076 1530 1112 deri-

895 1129 1004 1163 sionis
1017 1129 1170 1175 signum.
1186 1128 1228 1162 P.

942 1181 999 1225 59.
1013 1183 1080 1228 Nec
1091 1194 1205 1215 manus
1214 1184 1401 1226 auriculas]
1410 1183 1532 1228 Appo-

894 1232 968 1266 sitis
980 1231 1026 1266 ad
1042 1240 1202 1279 tempora
1216 1234 1406 1280 pollicibus
1417 1258 1429 1276 ,
1444 1234 1531 1267 alios

895 1283 1023 1331 digitos
1044 1292 1079 1319 et
1099 1285 1272 1332 reliquam
1293 1298 1439 1320 manum
1455 1298 1531 1320 mo-

893 1348 975 1371 vere
986 1360 998 1378 ‚
1017 1348 1060 1370 eo
1072 1336 1182 1371 modo
1195 1349 1269 1384 quo
1284 1338 1402 1372 asinus
1414 1346 1534 1372 movet

892 1400 1007 1430 aures,
1014 1388 1164 1422 alterum
1170 1388 1356 1424 derisionis
1362 1402 1485 1437 genus.
1494 1389 1534 1423 P.

941 1443 999 1475 60.
1027 1443 1096 1474 Nec
1118 1444 1239 1487 linguae
1270 1453 1415 1482 tantum,
1442 1443 1530 1489 ets-,J

893 1493 994 1527 Ordo
1009 1501 1080 1528 est:
1094 1507 1161 1529 nec
1175 1496 1327 1542 (supple
1340 1496 1399 1530 cui
1414 1497 1531 1540 sano)

892 1553 1034 1579 tantum
1060 1546 1190 1593 lingua
1217 1548 1376 1583 exeritur
1386 1572 1397 1589 ‚
1417 1560 1532 1595 quan-

892 1606 971 1632 tum
981 1599 1092 1632 exerit
1101 1600 1196 1634 oenis
1205 1600 1359 1646 Appula.
1370 1602 1535 1632 Britanni-

892 1653 1086 1684 cus—Nec
1101 1654 1230 1696 lingua.
1244 1653 1419 1699 Linguam
1434 1664 1532 1686 exer-

890 1709 964 1736 tare
994 1701 1041 1737 ad
1074 1704 1323 1738 contumeliam
1342 1729 1354 1747 ,
1386 1704 1533 1739 tertium

890 1754 1077 1797 delinionis
1106 1768 1229 1803 genus.
1266 1757 1377 1791 Divus
1412 1765 1533 1791 autem

894 1804 1131 1855 Hieronymus
1151 1810 1190 1843 in
1213 1809 1318 1856 epist.
1344 1809 1390 1844 ad
1413 1810 1533 1844 Rusti·

894 1871 976 1894 cum
1002 1862 1239 1904 monachum,
1254 1862 1305 1896 sic
1323 1875 1332 1895 :
1352 1864 1402 1896 Ne
1421 1864 1534 1896 credas

892 1915 1136 1953 laudatoribus,
1157 1917 1238 1958 qui,
1260 1918 1333 1948 cum
1360 1925 1390 1948 te
1412 1918 1531 1949 adula-

890 1967 1028 1998 tionibus
1044 1968 1108 1999 suis
1114 1966 1280 2010 foverint,
1299 1969 1329 2000 si
1342 1970 1445 2001 subito
1462 1981 1529 2001 res-

887 2019 1015 2060 peteris
1024 2043 1038 2057 ,
1055 2028 1116 2052 aut
1136 2021 1332 2053 ciconiarum
1353 2021 1531 2064 deprehen-

889 2070 1031 2112 despost
1045 2079 1076 2102 te
1091 2071 1176 2103 colla
1192 2072 1339 2110 curvari,
1354 2080 1415 2103 aut
1429 2084 1530 2103 manu

890 2122 1053 2154 aunhulas
1062 2123 1185 2166 agitari
1201 2124 1305 2162 asini,
1315 2133 1378 2155 aut
1391 2133 1529 2156 ‹estuan-

892 2183 954 2207 tem
964 2176 1054 2207 canis
1059 2177 1216 2218 protendi
1229 2178 1430 2220 linguam.—
1435 2178 1530 2210 Canis

891 2230 1032 2271 Appula.
1043 2228 1170 2274 Apulia
1186 2229 1319 2263 fervida
1340 2237 1392 2262 est
1411 2228 1531 2274 regi03

891 2288 940 2322 et,
950 2287 990 2313 nt
995 2289 1097 2316 vocat
1103 2280 1222 2315 Horat.
1230 2283 1398 2321 sidculosa.
1405 2281 1443 2314 C.
1453 2288 1488 2314 et
1494 2280 1532 2313 P.

937 2334 996 2366 61.
1015 2336 1172 2366 Patricius
1186 2335 1347 2377 sanguis]
1365 2332 1530 2366 Pau-icio-

890 2395 974 2417 rum
988 2383 1052 2416 filii
1070 2392 1106 2417 et
1122 2392 1281 2429 nepotes.
1297 2383 1533 2429 Designantur

892 2436 1049 2470 hocloco
1062 2437 1211 2482 quilibet
1228 2436 1364 2470 nobiles
1373 2430 1532 2470 Romani.

894 2487 1015 2521 Horat.
1034 2489 1111 2521 Art.
1131 2488 1229 2522 Ροὲῑ.
1246 2491 1308 2520 Vos
1326 2489 1347 2520 ὅ
1359 2490 1532 2533 Pompilius

251 2595 294 2625 V.
309 2596 365 2626 61.
379 2598 435 2628 Ius
448 2606 500 2629 est.
516 2601 639 2631 Omnes
655 2601 720 2632 fere
736 2601 831 2632 codd.
852 2608 886 2633 et
905 2602 979 2633 edd.
998 2602 1186 2646 habentfas
1200 2612 1255 2635 est.
1266 2607 1341 2636 Vet.
1357 2606 1461 2638 schol.
1468 2606 1525 2648 jus

208 2653 260 2676 est.
273 2648 364 2679 Ham
375 2649 451 2681 lect.
466 2652 681 2693 praetulimus.
694 2654 835 2687 Colhert.
848 2656 881 2686 Π
890 2677 899 2694 ,
914 2666 1048 2699 quoque
1055 2656 1112 2699 jus
1126 2664 1178 2689 est.
1193 2658 1313 2690 Noster
1329 2657 1463 2701 cod.fas
1476 2667 1530 2690 est.
