1846 3184
650 300 912 373 sAT1nA
960 329 1017 373 v,

1428 0 1482 24 ,Τιότ
1514 0 1523 9 ’“

1443 338 1523 397 137
1549 364 1553 368 ·

245 410 347 455 Haec
366 411 529 469 reliqua
545 411 735 470 accipi03
754 413 851 455 licet
865 423 915 455 ut
928 413 1030 454 volo
1047 415 1186 456 vivere
1202 415 1318 458 tolle.

243 485 444 529 Vindicta
464 497 690 545 postquam
713 503 834 530 meus
856 504 881 530 a
904 499 1086 546 praetore
1107 492 1286 544 recessi,

242 563 331 604 Cur
346 562 455 603 mihi
473 577 562 604 non
578 562 703 605 liceat
716 564 841 620 jussit
857 564 1166 623 quodcumque
1180 567 1378 610 voluntas
1391 600 1404 621 ,

241 637 432 696 Excepto
452 638 488 680 si
508 638 615 696 quid
636 638 800 682 Masuri
820 639 994 682 rubrica
1012 641 1202 683 vetavit?
1299 644 1302 647 “
1479 663 1525 695 90

233 753 293 800 87.
317 757 396 787 Haee
422 757 551 798 reliqua
577 755 726 802 accipio]
755 755 830 790 Ad·

184 807 292 842 mitto
316 807 490 843 libertatis
515 807 764 844 definitionem
791 811 829 844 in

183 861 434 907 propositione
462 870 692 905 contentam;
716 864 830 910 appli-

186 913 363 948 cationem
382 926 470 948 vero
490 927 594 961 nego.
612 936 659 940 —
673 918 780 954 Licet,
796 926 833 949 ut

185 969 284 1005 volo,
304 969 415 1000 vivere
432 969 517 1000 tolle.
537 969 830 1015 Assumptionern

185 1018 285 1061 tolle,
297 1019 389 1053 hanc
398 1020 493 1053 enim
503 1032 635 1066 respuo
644 1034 654 1061 ;
663 1030 698 1055 et
707 1022 830 1067 paucis

186 1071 345 1106 evincam
355 1096 366 1113 ‚
382 1080 417 1105 te
431 1084 505 1105 non
519 1073 639 1107 vivere
654 1083 696 1108 ut
708 1074 781 1116 vis,
795 1083 830 1109 et

187 1131 230 1157 nt
254 1124 342 1158 libet
357 1138 367 1167 ;
395 1133 430 1159 te
457 1135 581 1160 contra
609 1127 664 1173 agi
690 1135 726 1161 et
755 1129 831 1175 rapi

189 1188 423 1224 quocumque
452 1178 599 1213 trahunt
629 1179 807 1226 cupiditas
819 1206 831 1223 ‚

186 1227 316 1272 libido,
326 1230 464 1276 aliaque
472 1231 569 1265 vitia:
580 1233 677 1266 unde
686 1246 831 1267 servum

189 1290 225 1316 te
244 1283 425 1318 contendo
437 1309 448 1326 ,
464 1284 622 1319 liberum
634 1298 740 1333 nego.
757 1287 829 1321 Ho-

186 1342 254 1368 rat.
271 1334 334 1368 lib.
347 1336 410 1377 ΙΙ,
426 1345 491 1370 sat.
508 1349 553 1382 7:
609 1344 611 1346 ’

156 1443 161 1446 ¹
188 1403 238 1433 Τιι
257 1404 333 1434 mihi
355 1406 410 1457 qui
430 1406 605 1446 imperitas,
623 1407 691 1437 aliis
713 1409 828 1445 servis,

269 1449 379 1488 miser,
391 1459 485 1493 atque

186 1496 334 1534 Duces-is,
349 1505 384 1528 ιιι
405 1499 506 1529 nervis
532 1500 637 1531 alienis
658 1502 773 1532 mobile
793 1502 830 1532 li-

187 1555 442 1632 Quizffiuigitur
452 1593 699 1635 liber?Sapiens‚
710 1595 830 1636 sibique

267 1638 459 1679 imperiosus.

187 1702 265 1736 Boi‘
269 1715 354 1744 eau,
367 1713 430 1738 sat.
447 1705 541 1739 VIII
553 1731 563 1747 ‚
578 1705 624 1740 de
637 1707 804 1741 homine:

187 1772 231 1801 (Σο
242 1772 289 1802 roi
301 1772 354 1802 des
366 1773 509 1804 animatu
519 1798 528 1811 ,
543 1777 684 1806 combien
699 1787 717 1806 a
730 1777 781 1807 2·ss
793 1778 839 1807 de‘

269 1820 332 1849 rois
341 1821 355 1848 ἰ’

189 1863 377 1895 L'ambition
388 1885 402 1902 q
427 1867 559 1898 l'amonr
576 1881 594 1905 ,’
614 1869 756 1899 l'avaricc
767 1893 776 1907 ‚
802 1871 831 1900 la

272 1911 361 1942 haine
369 1936 379 1949 ,

191 1955 358 1995 'ri-nent,
369 1970 487 1990 comme
495 1971 538 1991 un
546 1962 659 2003 foreat,
673 1971 728 1993 son
737 1964 832 2004 esprit

271 2005 290 2034 ἰ
303 2005 332 2034 la
348 2007 466 2040 chaine.
641 2011 676 2039 P.
690 2017 720 2040 et
730 2014 768 2041 A.

237 2068 293 2102 88.
304 2071 456 2104 detcta
458 2082 634 2116 postquam
644 2088 747 2114 meus,
760 2079 832 2121 etc-J

189 2119 303 2156 Instat
315 2123 458 2159 Marcus
476 2126 605 2167 Dama,
620 2135 655 2161 et
673 2140 832 2176 assump-

190 2173 328 2209 tionem
343 2185 505 2223 negatam
526 2180 680 2234 pifobare
699 2181 832 2217 nititur

883 769 928 790 ex
954 756 1130 803 adjunctis
1146 771 1157 801 ;
1182 758 1315 794 scilicet
1334 785 1345 802 ‚
1376 759 1477 807 qnod
1506 774 1525 795 a

881 811 1145 858 praetorisvirga
1156 813 1264 846 suerit
1272 814 1523 848 manumissus:

882 871 919 896 at
955 864 1064 898 simul
1101 865 1326 911 superiorem
1364 867 1525 914 syllogis-

882 928 983 950 mum
995 917 1152 963 corrigit.
1163 918 1335 952 Posuerat
1347 931 1356 951 ε
1372 919 1463 953 liber
1475 928 1527 954 est

884 970 942 1002 cui
969 970 1053 1004 licet
1080 978 1121 1003 ut
1143 971 1223 1004 vult
1248 971 1369 1006 vivere
1390 985 1401 1015 ;
1426 985 1527 1006 nunc

882 1023 930 1056 ita
950 1022 1116 1057 emendat
1133 1035 1170 1057 se
1186 1036 1195 1056 ε
1213 1024 1306 1058 liber
1329 1034 1383 1060 est
1406 1026 1467 1060 cni
1483 1026 1528 1059 li-

883 1083 939 1109 cet
947 1075 1069 1109 vivere
1083 1084 1124 1110 ut
1138 1077 1238 1118 vult,
1249 1077 1317 1111 nisi
1332 1077 1423 1125 quid
1434 1079 1529 1126 leges

884 1127 1093 1173 impediant.
1112 1129 1134 1162 J
1138 1129 1303 1163 ustinian.
1321 1132 1469 1164 Libertas
1486 1143 1529 1164 ex

884 1193 952 1223 qua
971 1182 1069 1213 etiam
1090 1182 1185 1214 liberi
1200 1192 1384 1222 vocantur,
1402 1194 1450 1216 est
1465 1197 1526 1217 ua-

884 1236 999 1266 tumlis
999 1235 1152 1278 facultas
1160 1260 1172 1274 ,
1187 1238 1279 1278 quod
1288 1238 1407 1279 cuique
1409 1238 1528 1280 facere

883 1288 979 1324 libet,
995 1289 1059 1320 nisi
1072 1288 1102 1319 si
1123 1290 1207 1330 quid
1224 1291 1266 1321 vi
1286 1298 1348 1322 aut
1358 1291 1438 1334 jure
1448 1303 1530 1333 pro-

881 1340 1019 1371 hibetur.
1061 1339 1231 1374 Libertus
1270 1349 1391 1375 autem
1421 1342 1530 1376 liber·

882 1401 991 1426 tatem
1006 1392 1217 1439 simpliciter
1235 1394 1378 1428 civilem
1397 1395 1531 1429 intelli-

882 1445 933 1491 git
943 1457 954 1487 ;
963 1444 1105 1479 Persius
1113 1457 1199 1480 vero
1208 1446 1410 1481 libertatem
1419 1447 1530 1482 animi

885 1510 993 1544 quam
1008 1498 1119 1532 solam
1136 1507 1279 1546 reputat
1296 1501 1366 1534 hoc
1383 1501 1531 1535 nomine

883 1550 1091 1585 vocandam.
1101 1551 1180 1585 Hoc
1192 1552 1229 1586 in
1244 1565 1284 1586 ea
1298 1554 1413 1588 satirae
1428 1562 1531 1600 parte

882 1603 1007 1638 sedulo
1024 1604 1300 1640 advertendum.
1309 1628 1355 1632 —
1368 1608 1529 1640 Vindicta.

883 1657 992 1704 Virga
1017 1661 1089 1704 qua
1117 1667 1252 1704 praetor
1278 1660 1371 1694 servi
1399 1673 1531 1694 manu-

884 1711 1054 1744 mittendi
1061 1719 1169 1756 caput
1179 1719 1344 1758 tangeret.
1351 1712 1408 1747 Sic
1416 1713 1532 1747 Graeci

883 1764 1133 1810 jurisconsulti
1151 1778 1160 1798 :
1182 1763 1346 1800 Βενὸίιιτα
1364 1768 1385 1804 ἡ
1404 1765 1528 1813 pawn:

886 1819 957 1862 μεθ’
980 1813 1016 1856 ἧς
1044 1819 1059 1851 ό
1089 1818 1194 1863 ἄρχων
1218 1819 1239 1854 ἦ
1264 1821 1280 1853 ὁ
1301 1820 1450 1865 Ilpa-ivos>
1472 1821 1530 1856 τὴν

884 1872 939 1902 τοῦ
970 1871 1223 1916 ἐλευθερουμένου
1252 1873 1391 1917 κεφαλὴν
1417 1874 1529 1907 ἔπαιον

885 1925 1080 1967 φάσκοντες,
1109 1924 1296 1959 ΦΑΜΕΝ
1326 1929 1435 1960 ΤΟΝ
1462 1930 1530 1960 HA

885 1978 1056 2009 PONTA
1073 1978 1368 2012 ΑΝΘΡΩΠΟΝ
1386 1982 1531 2012 EINAI

884 2031 1202 2064 EAEI'OEPON
1252 2033 1347 2064 ΚΑΙ
1395 2034 1530 2065 ΠΟΔΙ

883 2084 994 2114 ΤΗΝ
1026 2083 1294 2117 ΡΩΜΑΙΟΝ.
1308 2085 1462 2115 —Meus.
1486 2082 1531 2116 Id

884 2140 937 2166 est
947 2157 963 2176 ²
977 2132 1070 2167 liber
1081 2159 1092 2175 ,
1107 2135 1178 2168 mei
1189 2135 1295 2181 juris.
1316 2136 1355 2170 C.

931 2197 990 2230 90.
1009 2185 1141 2219 Musam*
1150 2189 1310 2231 rubrica-J
1322 2188 1403 2221 Vet.
1418 2188 1528 2222 schol.

236 2281 278 2312 V.
296 2282 352 2322 87.
367 2281 456 2314 Hoec
468 2285 598 2327 νεῖἰᾳιια
615 2287 752 2329 accipw.
775 2291 823 2320 Ita
843 2290 942 2322 codd.
959 2293 1239 2323 omncs—Licet
1259 2300 1296 2322 ut
1311 2293 1390 2322 volo
1401 2292 1530 2330 vivere,

190 2333 275 2364 tolle.
297 2336 440 2367 Restitui
464 2348 507 2369 ex
527 2339 740 2380 Britannico,
761 2343 893 2374 Lnbino
908 2366 919 2381 ‚
943 2345 1221 2382 Wedderbmno,
1242 2351 1274 2374 et
1296 2344 1402 2375 tribus
1430 2345 1527 2377 codd.

190 2387 289 2419 Hunc
303 2388 406 2431 igitur
417 2401 546 2422 versum
559 2392 604 2423 ita‘
619 2394 759 2436 legimus
773 2407 780 2425 :

445 2448 516 2477 Baec
527 2449 643 2488 reliqua
655 2450 790 2490 accipi03
805 2451 884 2481 licet
894 2458 933 2480 ut
946 2453 1026 2481 volo
1042 2454 1150 2481 vivere
1165 2452 1250 2482 tolle.

191 2502 235 2533 Et
244 2513 281 2534 a
290 2503 388 2536 lectio
399 2509 606 2548 praestantior
618 2509 763 2546 videtum
779 2517 816 2540 ut
828 2512 868 2540 sit
880 2521 1014 2541 sensns:
1028 2512 1203 2542 contendis
1214 2523 1292 2543 enm
1304 2524 1375 2545 esse
1385 2514 1528 2548 liliorum

194 2555 251 2585 eui
261 2555 339 2588 lieet
350 2560 459 2591 vivere
475 2568 514 2592 ut
526 2562 617 2592 vult:
631 2563 725 2603 atqui
738 2563 820 2593 dicis
839 2570 871 2594 tc
884 2564 994 2594 vivere
1010 2571 1046 2594 ut
1058 2565 1107 2595 vis
1119 2575 1127 2595 :
1142 2576 1219 2608 ergo
1234 2573 1267 2597 te
1280 2567 1422 2600 liberum
1434 2580 1526 2601 nnn—

194 2616 303 2647 cupnz-
317 2610 578 2652 Propositionem
599 2614 759 2652 admi1103
776 2617 1045 2656 consequentiam
1061 2611 1166 2659 nego:
1182 2619 1261 2650 tolle
1283 2626 1380 2653 tuum
1398 2621 1472 2654 licet
1492 2630 1529 2653 ut

198 2660 277 2691 ‘volo
286 2661 405 2696 vivere.
422 2666 489 2696 Alii
505 2678 582 2698 cnm
596 2675 661 2698 vet.
681 2668 785 2699 schol.
801 2669 934 2711 legunt:

420 2727 488 2759 Hoc
500 2730 650 2770 reliquum
663 2731 780 2772 accipio
791 2743 800 2767 ;
814 2732 892 2763 licet
905 2731 980 2763 illud
990 2755 999 2769 ,
1014 2738 1061 2770 et,
1077 2740 1115 2764 ue
1127 2735 1208 2766 volo
1217 2756 1226 2771 ,
1242 2735 1324 2766 tolle.
