1846 3184
523 206 882 254 SULPICIAE
916 203 1174 248 sA'mRA.
1434 219 1518 262 207

235 297 337 342 Non
358 294 481 338 trabe
494 324 508 348 ‚
523 292 599 336 sed
613 290 737 351 tergo
755 290 1003 350 prolapsus,
1022 297 1068 330 et
1084 287 1273 347 ingluvie
1289 287 1433 342 albus,

237 376 294 417 Et
309 372 449 416 studia
461 402 474 426 ‚
491 381 535 414 et
554 370 724 428 sapiens
740 367 971 411 homiuum
989 379 1236 422 nomenque
1251 378 1468 423 genusque

237 451 394 494 Omnia
411 448 532 491 abire
548 447 662 490 foras
674 478 686 500 ,
705 456 835 504 atque
852 444 973 486 Urbe
995 441 1199 486 excedere
1214 441 1355 499 jussit.

237 526 357 583 Quid
370 523 578 568 facimus?
590 524 763 576 Graios,
779 522 1096 579 hominumque
1110 513 1366 577 reliquimus
1376 517 1503 560 urbes
1512 550 1524 570 ‚

235 605 296 646 Ut
311 605 507 646 Romana
520 601 632 644 foret
648 601 781 659 magis
799 600 868 642 his
887 599 1095 641 instructa
1112 596 1346 656 magistris:
1480 606 1524 642 40

236 681 366 723 Nunc
388 677 632 737 Capitolino
649 676 785 719 veluti
808 675 1011 717 turbante
1035 673 1217 715 Camillo

238 755 426 799 Ensibus
449 765 492 798 et
517 754 680 796 trutina
705 752 820 795 Galli
843 752 992 810 fugere
1016 749 1162 792 relicta
1176 781 1189 803 ,

237 833 308 875 Sic
332 831 468 874 nostri
492 831 638 889 palare
662 843 785 871 senes
806 828 1035 880 dicuntur,
1056 837 1100 868 et
1124 826 1230 884 ipsi,

237 909 298 950 Ut
321 908 452 950 ferale
476 922 575 949 suos
601 921 712 948 onus
735 905 970 963 exstirpare
992 904 1174 945 libellos.

233 986 348 1044 Ergo
365 983 676 1035 Numantinus,
694 981 969 1038 Libycusque
984 980 1142 1022 erravit
1157 980 1204 1020 iu
1221 979 1302 1020 isto
1482 981 1525 1023 45

236 1061 404 1119 Scipio,
423 1060 500 1117 qui
525 1058 700 1101 Rhoido
724 1058 859 1100 crevit
880 1057 1095 1099 formante
1114 1055 1339 1114 magistro,

239 1139 401 1180 Caetera
417 1148 461 1179 et
479 1137 552 1178 illa
575 1150 727 1178 manus
750 1135 868 1178 bello
891 1133 1075 1176 fecunda
1096 1132 1311 1185 secundo,

244 1214 366 1267 Quos
388 1213 502 1255 inter
523 1211 656 1270 prisci
679 1210 893 1253 sententia
915 1209 987 1251 dia
1009 1208 1181 1251 Catonis
1253 1266 1257 1269 μ

242 1289 362 1331 Scire
380 1288 488 1331 adeo
510 1287 655 1346 magni
677 1287 868 1340 fecisset,
886 1296 1094 1327 utrumne
1114 1282 1335 1335 secundis,

242 1366 315 1407 An
339 1365 475 1424 magis
499 1363 687 1423 adversis
710 1366 841 1405 staret
863 1357 1060 1404 Romana
1079 1374 1287 1419 propago.
1488 1360 1532 1396 50

243 1441 415 1483 Scilicet
438 1439 651 1482 adversis:
671 1453 795 1492 nam,
820 1440 921 1479 cum
946 1435 1169 1479 defendier
1192 1434 1322 1477 armis

244 1515 403 1559 Suadet
418 1531 540 1558 amor
555 1515 703 1575 patriae
716 1547 729 1568 ‚
746 1525 789 1557 et
806 1514 975 1573 captiva
994 1512 1225 1555 Penatibus
1241 1526 1374 1563 uxor;

243 1593 480 1646 Convenit,
500 1603 552 1634 ut
572 1592 734 1650 vespis,
755 1606 941 1649 quarum
967 1589 1123 1632 domus
1148 1602 1244 1629 arce
1271 1587 1457 1629 Monetae
1471 1617 1483 1637 ,

244 1668 395 1710 Turba
422 1669 565 1727 rigens
591 1667 749 1709 strictis
773 1682 852 1724 per
874 1666 991 1707 lutea
1013 1678 1196 1722 corpora
1219 1662 1330 1705 telis.

239 1815 294 1853 44.
322 1813 469 1855 Ferale]
495 1810 694 1844 Funestam
705 1835 716 1850 ‚
743 1809 836 1843 infe·
889 1808 991 1843 venit
1005 1816 1046 1842 ut
1059 1808 1171 1842 simus
1190 1820 1331 1854 semper
1344 1806 1475 1842 strictis
1488 1814 1540 1841 te-

192 1865 254 1898 lix.
272 1867 333 1896 Ed.
353 1877 387 1896 η.
890 1862 946 1902 lis,
956 1861 1069 1908 parati
1081 1861 1127 1895 ad
1140 1859 1446 1907 congrediendum
1457 1873 1542 1893 curu

239 1919 296 1958 46.
326 1918 410 1959 Qui,
436 1915 514 1960 σιω]
545 1914 669 1948 Scribe
691 1915 837 1952 Rhodio,
890 1914 1010 1955 hoste.v
1037 1913 1127 1947 Gall.
1159 1917 1249 1946 Pour
1275 1915 1420 1946 soacenir
1447 1922 1541 1945 notre

191 1969 285 2004 utde
293 1967 723 2014 Panaetiopotiusminore
731 1970 840 2013 quam
891 1977 1010 2007 vet-tu,
1028 1969 1055 2000 il
1069 1979 1150 1999 nous
1164 1967 1249 2010 fitur
1272 1968 1423 1999 I‘ennemi
1443 1967 1466 1998 ὰ
1485 1978 1543 1998 nos

192 2022 238 2057 de
261 2022 381 2056 Ennio
402 2021 632 2067 intelligatur.
652 2020 745 2054 Male
763 2026 834 2054 vet.
884 2030 1005 2065 portes.
1024 2021 1158 2055 Juven.
1180 2028 1241 2053 sat.
1255 2021 1310 2054 VI
1324 2046 1335 2062 ,
1353 2033 1388 2055 v.
1408 2019 1475 2065 287
1495 2032 1504 2052 :

194 2075 306 2110 SChOl·
326 2076 430 2107 'adl—⁰·
448 2076 507 2106 Ed·
526 2087 558 2105 '¹-
891 2085 1056 2116 Praestabat
1077 2092 1173 2115 castas
1197 2084 1321 2114 humilis
1342 2084 1466 2114 fortuna
1482 2076 1541 2113 La'-

241 2133 301 2174 47.
321 2129 411 2159 Bello
416 2127 566 2169 fecunda
574 2150 586 2164 ,
600 2124 672 2170 eta]
693 2123 752 2157 Sic
766 2135 841 2156 ma·
976 2131 1056 2160 tinas

193 2182 231 2215 10
248 2207 259 2223 ,
282 2183 392 2227 Ίηξηῃ
404 2180 568 2223 facunda.
590 2177 685 2212 Vide
706 2177 842 2211 Aulum
895 2178 1081 2216 Quondam,
1104 2187 1161 2206 nec
1184 2177 1267 2207 vitiis
1291 2175 1429 2215 contingi
1450 2184 1544 2214 parva

197 2234 358 2268 Gellium
368 2258 379 2274 ‚
391 2233 456 2266 lib.
470 2232 560 2265 XIX
570 2256 582 2273 ‚
594 2243 670 2277 cap.
682 2243 700 2263 ι
708 2242 740 2263 1.
755 2233 792 2262 V.
800 2243 844 2271 sc:
978 2224 1120 2253 sinebant
1214 2267 1220 2273 .

245 2287 303 2321 53·
326 2287 494 2324 Convenit,
521 2294 558 2317 ut
579 2285 708 2327 vespis]
727 2282 844 2329 Hujus
896 2271 991 2300 'recta
1003 2269 1108 2303 labor,
1123 2277 1284 2306 somnique
1295 2267 1403 2295 breves
1414 2289 1422 2302 ‚
1436 2272 1467 2295 et
1479 2266 1544 2296 vel-

197 2339 267 2372 loci
278 2337 369 2372 ordo
380 2346 434 2371 est
447 2345 483 2371 et
495 2348 619 2370 sensus
630 2349 638 2368 :
650 2348 749 2377 nam,
760 2337 845 2368 cum
898 2364 927 2393 V
980 2316 1156 2391 lteredTusco
1230 2369 1248 2388 a
1469 2359 1476 2365 .

200 2403 300 2425 amor
311 2392 434 2437 patriae
452 2389 577 2425 suadet
591 2388 778 2423 defendier
790 2400 845 2420 ar-
875 2395 887 2396 ”
930 2371 1180 2437 engrbpraeque
1198 2371 1227 2389 m
1249 2370 1304 2389 nus
1314 2382 1323 2395 '
1337 2369 1373 2390 ac
1387 2370 1545 2399 promum

201 2444 289 2482 mis’
307 2445 462 2490 eamque
486 2443 633 2489 (ἈῙΡἀνω
661 2449 745 2474 sunt
766 2452 848 2473 ¹¹⁰⁵·
902 2454 1052 2489 Annibal,
1066 2459 1097 2482 et
1114 2458 1226 2481 stantes
1243 2451 1364 2481 Collina
1382 2457 1464 2481 turre
1481 2462 1547 2482 ma-

203 2503 267 2529 trae
293 2507 421 2530 uxores
446 2497 542 2530 intra
567 2496 718 2529 Penates
746 2505 828 2526 suos
839 2518 849 2534 ,
986 2500 1046 2528 riti.

203 2546 244 2581 id
265 2555 335 2589 est,
351 2550 434 2581 cum
455 2548 612 2582 Annibal
636 2555 705 2580 stat
727 2553 852 2579 contra
905 2549 996 2581 Nunc
1007 2546 1142 2587 patimur
1152 2546 1250 2587 lougae
1262 2545 1346 2586 pacis
1357 2544 1455 2582 mah,
1470 2552 1528 2576 etc.

207 2611 330 2635 muros
339 2624 350 2642 ‚
363 2600 467 2636 nohis
476 2626 488 2642 ,
503 2601 611 2636 sicuti
621 2598 758 2647 vespis,
771 2608 853 2633 con·
1313 2598 1375 2630 Ed.
1393 2605 1462 2631 noe.
