1846 3184
250 323 274 366 &l

279 309 305 359 &s

599 306 654 346 A.
691 302 938 346 PERSII
978 302 1231 344 FLACCI

307 386 436 430 Haud
460 385 542 429 alia
565 387 732 428 ratione
753 386 880 439 velis,
900 387 999 426 cum
1021 384 1114 426 dira
1137 382 1275 426 libido

307 464 492 507 Moverit
514 463 736 521 ingenium
752 493 764 515 ‚
781 461 961 504 ferventi
984 461 1115 503 tincta
1133 473 1299 502 veneno
1312 490 1325 511 ‚

309 540 525 582 Virtutem
540 539 736 598 videant,
756 538 1110 594 intabescantque
1134 536 1292 578 relicta.

310 619 435 658 Anne
454 616 586 674 magis
608 615 730 656 siculi
752 617 1008 671 gemuerunt
1028 628 1110 654 aera
1126 611 1326 669 juvenci,

309 694 365 735 Et
386 692 520 750 magis
542 690 699 732 auratis
720 689 913 748 pendens
937 687 1210 746 laquearibus
1234 686 1346 729 ensis

250 819 404 858 vividius
416 844 427 859 ‚
447 827 482 853 et
499 817 544 852 ad
561 830 637 851 rem
655 816 796 863 aptius:
815 827 896 862 quae

253 876 337 909 cum
365 874 438 918 jam
463 884 482 906 a
506 869 669 905 litteratis
697 869 811 903 oratio
838 868 897 902 illa

254 925 384 961 eximia
407 932 612 966 censeatur;
633 930 721 956 tunc
749 920 897 954 demum

253 980 283 1014 si
292 991 347 1019 ea,
361 990 467 1024 quam
480 989 588 1023 supra
600 974 812 1014 memoravi,
823 974 898 1007 fue-

253 1032 301 1067 rit
315 1034 432 1078 poetae
450 1042 568 1069 mens,
581 1027 687 1076 dIgna
701 1039 783 1061 sane
797 1025 898 1062 vide-

253 1085 356 1119 bitur
370 1108 381 1126 ,
408 1095 488 1130 quae
519 1083 612 1115 inter
642 1080 787 1114 satiricae
815 1079 901 1113 artis

253 1135 547 1171 excellentissima
557 1132 748 1180 specimina
756 1157 765 1172 ,
779 1139 814 1166 et
823 1131 903 1177 phi-

253 1190 424 1236 losophiae
445 1187 648 1235 gravissima
671 1192 902 1232 argumenta,

256 1251 445 1277 censeatur
461 1249 569 1287 atque
588 1247 812 1273 numeretur.
833 1237 873 1270 A.

303 1296 362 1329 36.
391 1296 491 1327 Haud
512 1293 581 1326 alid
608 1293 772 1334 racione.]
799 1288 904 1323 Haud

255 1350 358 1384 aliter
372 1351 479 1394 quam
497 1346 636 1393 flagello
655 1343 878 1379 conscientiae
891 1367 902 1384 ,

257 1411 292 1436 et
310 1408 414 1449 metu
439 1399 504 1446 qui
529 1411 606 1432 eam
632 1395 828 1431 necessario
851 1407 903 1428 se-

257 1455 396 1502 quitur.
413 1452 501 1487 Vid.
518 1451 563 1486 ad
577 1452 652 1485 haec
669 1450 811 1484 satiram
829 1448 903 1482 fere

257 1507 432 1553 integram
450 1505 544 1539 XIII
562 1505 583 1538 J
587 1516 695 1538 uven.
719 1500 846 1536 nostri.
866 1500 904 1533 P.

307 1560 361 1605 37.
370 1560 503 1592 Moverit
509 1556 696 1602 ingenium]
711 1553 904 1601 Impulerit

257 1612 302 1647 ad
317 1610 466 1658 aliquod
489 1618 594 1644 atrox
616 1608 904 1642 facinus.-Fer-

258 1667 343 1698 venti
353 1667 454 1698 tincta
465 1675 603 1696 venena.
613 1660 732 1694 Animi
742 1659 838 1694 enim
847 1670 905 1693 ve-

259 1731 396 1753 nenum
408 1714 648 1752 inhumanitas
664 1722 700 1748 et
714 1711 904 1747 crudelitas

260 1780 326 1806 est.
351 1771 392 1804 P.

308 1824 366 1858 38.
408 1824 564 1855 Virtutem
600 1822 740 1853 videant
759 1843 770 1857 ,
800 1826 863 1850 etc.
890 1818 904 1860 ]

261 1874 530 1910 Commentario
546 1885 618 1906 non
639 1880 718 1918 eget
736 1869 906 1916 pulcher·

260 1929 350 1964 rima
363 1928 447 1962 item
458 1935 493 1960 et
508 1925 680 1970 fulminea
693 1922 807 1958 nostri
819 1925 906 1968 poe-

262 1991 306 2017 tae
320 1979 543 2028 imprecatio.
564 1979 606 2011 A.

309 2034 364 2079 39.
383 2036 478 2066 Anne
494 2033 612 2075 magis,
628 2032 698 2073 eta]
717 2027 818 2062 Ordo
833 2035 905 2062 est:

259 2100 353 2122 anne
374 2085 502 2120 inclusi
527 2085 565 2118 in
592 2095 690 2117 aeneo
715 2079 909 2114 Phalaridis

261 2150 365 2175 tauro
398 2138 507 2185 magis
542 2142 759 2183 gemuerunt
780 2145 790 2175 ;
818 2144 910 2166 anne

262 2192 399 2240 gladius
417 2189 546 2225 cervici
563 2186 741 2222 Damoclis
759 2192 910 2219 assenta-

262 2245 351 2280 toris
372 2242 533 2291 pendens
554 2253 638 2275 eum
660 2239 771 2286 magis
791 2246 911 2272 exter·

262 2299 338 2334 ruit
350 2324 361 2341 ‚
376 2299 484 2345 quam
499 2295 526 2329 si
541 2294 664 2328 infelix
678 2299 843 2339 peccator
855 2290 911 2323 in-

264 2360 319 2386 tra
332 2364 369 2386 se
383 2350 478 2386 dicat
489 2362 498 2383 z
512 2350 612 2387 imus,
626 2345 911 2392 imusproecipites,

1551 695 1603 732 150

949 823 985 849 et
1004 815 1131 862 palleat
1153 814 1251 849 intus
1274 821 1459 847 tantorum
1481 823 1521 846 ac
1541 818 1598 846 tot

949 868 1125 902 scelerum
1133 867 1348 901 conscientia
1354 866 1601 912 agitatus‚quae

949 932 995 954 ne
1013 919 1119 954 uxori
1136 917 1285 965 quidem
1300 917 1522 952 committere
1534 928 1598 950 au·

951 972 1032 1006 deat
1044 971 1059 1004 Ρ
1072 992 1116 997 -——
1132 974 1331 1004 Gemuerunt
1360 982 1429 1002 oera
1450 969 1599 1013 juvenci.

952 1023 1174 1071 Metonymia
1185 1047 1196 1064 ‚
1213 1035 1282 1069 pro
1300 1030 1516 1069 gemuerunt
1533 1021 1599 1054 ho-

952 1077 1066 1111 mines
1075 1076 1205 1110 inclusi
1214 1075 1251 1108 in
1260 1084 1363 1109 tauro
1371 1085 1472 1108 aereo.
1482 1090 1496 1103 ι
1505 1073 1600 1120 Ope·

957 1147 971 1161 ι
986 1143 1034 1165 rae
1044 1139 1162 1164 autem
1176 1128 1333 1176 pretium
1342 1135 1394 1161 est
1404 1134 1528 1161 notare
1536 1150 1548 1167 ‚
1561 1125 1602 1159 in

959 1200 973 1213 α
987 1184 1056 1218 hoc
1077 1194 1184 1216 versu
1199 1206 1210 1223 ‚
1231 1194 1318 1214 anne
1340 1193 1424 1225 mag.
1445 1180 1499 1212 sic.
1514 1180 1600 1222 gem.

960 1254 974 1267 α
989 1237 1208 1281 oerajuwnci,
1221 1248 1270 1274 m,
1285 1247 1339 1272 m;
1351 1246 1394 1278 g,
1407 1234 1503 1278 g‚j;
1516 1244 1548 1270 s,
1561 1243 1602 1270 c,·

960 1306 974 1320 α
991 1298 1025 1324 et
1039 1298 1152 1328 erunt,
1168 1301 1246 1321 aera.
1261 1288 1315 1321 An
1330 1287 1422 1320 forte
1436 1285 1512 1319 haec
1526 1296 1605 1318 om·

960 1359 974 1372 ι
991 1342 1049 1376 nia
1062 1341 1076 1375 ?
1089 1354 1132 1375 an
1146 1366 1156 1382 ‚
1171 1354 1210 1375 ex
1226 1339 1374 1374 consilio
1387 1338 1402 1371 ?
1414 1346 1476 1377 aut
1488 1336 1606 1371 doctis

960 1411 974 1425 ι
990 1394 1138 1429 auribus
1150 1418 1160 1434 ‚
1176 1393 1295 1439 ignara
1314 1389 1460 1425 mente?
1473 1389 1605 1423 Nonne

960 1465 974 1478 ι
989 1447 1141 1494 gemitus
1164 1446 1221 1480 isti
1247 1444 1357 1478 Siculi
1384 1443 1519 1477 musice
1543 1454 1605 1475 so-

960 1517 973 1530 ·
990 1508 1077 1533 nant
1094 1499 1109 1532 ?
1127 1515 1140 1528 ›-
1166 1499 1222 1532 Ita
1242 1496 1467 1531 doctissimus
1484 1495 1608 1540 Eques

957 1552 1132 1586 Henricus
1144 1551 1249 1594 Croft,
1259 1550 1297 1582 in
1312 1548 1383 1582 suis
1395 1546 1440 1581 ad
1455 1559 1511 1580 me
1525 1545 1608 1580 mis-

956 1607 1002 1640 sis
1016 1605 1156 1639 litteris.
1172 1604 1202 1637 A

1003 1671 1060 1708 40.
1086 1667 1220 1700 Auratis
1237 1665 1399 1709 pendens,
1418 1663 1496 1706 eta]
1521 1660 1608 1694 Sus-

956 1732 1089 1769 pensus
1112 1731 1132 1753 a
1156 1716 1316 1764 laqueari
1344 1713 1505 1761 gladius,
1533 1714 1608 1746 seta

957 1773 1111 1820 equina,
1130 1780 1166 1806 et
1189 1769 1380 1804 imminens
1405 1766 1514 1813 capiti
1536 1766 1608 1799 Da·

958 1826 1082 1861 moclis
1108 1822 1207 1870 apud
1235 1819 1453 1868 Dionysium
1481 1817 1612 1852 Siciliae

958 1889 1163 1928 tyrannum.
1181 1876 1275 1910 Nom
1297 1873 1445 1908 historia
1468 1885 1513 1906 ex
1529 1871 1608 1906 Cic.

958 1934 1065 1967 Tusc.
1075 1932 1208 1973 Quaest.
1218 1931 1262 1963 V.
1271 1925 1478 1962 Macrob.ad
1488 1925 1611 1959 Somn-

960 1987 1056 2033 Scip.
1076 1985 1141 2018 lib.
1165 1984 1182 2017 Ι
1196 2008 1207 2025 ,
1225 1995 1300 2029 cap.
1325 1993 1382 2015 10.
1403 1979 1460 2013 Sic
1482 1977 1607 2012 Horat.

961 2039 1022 2072 lib.
1043 2037 1123 2079 ΙΙΙ,
1147 2035 1205 2069 od.
1236 2047 1274 2075 1,
1295 2045 1403 2080 quem
1425 2032 1463 2065 in
1486 2030 1613 2065 animo

961 2091 1125 2126 habuisse
1138 2088 1283 2123 videtur
1297 2085 1438 2120 Persius
1451 2096 1460 2116 :

1004 2159 1168 2189 Districtus
1184 2156 1263 2187 ensis
1285 2155 1335 2186 cui
1350 2163 1441 2193 super
1454 2151 1550 2192 impia

1004 2207 1128 2237 Cervice
1143 2204 1272 2244 pendet,
1287 2212 1351 2232 non
1364 2199 1579 2239 Sicnlae'dapes

1005 2253 1134 2283 Dulcem
1146 2250 1347 2280 elaborabunt
1360 2256 1518 2287 saporem3

1005 2300 1078 2329 Non
1089 2297 1190 2327 avium
1200 2319 1209 2331 ‚
1224 2295 1407 2334 citharaeque
1422 2298 1528 2323 cantus

1005 2346 1153 2376 Somnum
1163 2342 1309 2373 reducent
1313 2358 1515 2370 .......
1551 2336 1588 2366 A.

308 2471 351 2500 'V’
373 2469 426 2501 36.
445 2467 567 2499 Libido.
585 2465 666 2498 Cod.
684 2470 816 2501 noster,
831 2459 956 2503 cupido.
971 2460 1020 2490 Ita
1037 2464 1071 2489 et
1086 2463 1152 2488 tres
1171 2455 1246 2487 alii:
1262 2453 1374 2485 minus
1388 2452 1486 2483 bene.

309 2535 352 2564 V.
369 2533 425 2564 38.
444 2531 599 2562 Virtutem
617 2529 766 2566 videant.
781 2528 859 2558 Duo
873 2523 970 2556 codd.
985 2522 1140 2553 virtutem
1155 2527 1191 2550 uc
1201 2518 1348 2550 videant.
1363 2517 1442 2548 Duo
1452 2507 1608 2557 quodue,

264 2585 383 2617 virtuti
397 2584 568 2615 invideant.
586 2582 670 2614 Cod.
684 2587 815 2618 noster,
830 2577 985 2608 virtutem
999 2573 1144 2606 videant.
1155 2574 1239 2604 Item
1255 2570 1332 2601 edit.
1346 2568 1469 2600 Aldina
1478 2590 1488 2607 ,
1510 2579 1523 2598 ι
1532 2566 1617 2598 535-

312 2650 355 2679 V.
385 2653 440 2684 4ο.
462 2649 504 2678 Et
525 2645 637 2689 magis.
663 2643 745 2677 Cod.
770 2641 915 2676 Colbert.
935 2641 971 2678 1,
993 2637 1082 2670 8055
1093 2660 1103 2675 ‚
1121 2643 1182 2667 aue
1203 2634 1330 2676 magis;
1351 2632 1554 2670 Thuanens,
1568 2639 1618 2660 an

265 2699 367 2743 magis
377 2711 388 2731 .·
402 2699 509 2731 caeteri
518 2721 528 2738 ,
546 2706 578 2731 ee
593 2695 705 2740 magis.
718 2698 767 2727 Ita
785 2703 917 2737 quoque
934 2690 1007 2724 cod.
1023 2695 1136 2721 noster
1145 2710 1156 2727 ,
1170 2694 1203 2719 et
1215 2686 1266 2718 ed.
1278 2684 1408 2717 Aldina.
