1898 3216
402 257 498 315 xxvj
530 254 888 300 ELENCHUS
915 255 1105 299 CODD.
1131 255 1184 298 A.
1212 254 1438 299 PERSII
1468 251 1725 301 FLACCI'.

401 339 685 379 recensendum
703 339 766 377 usi
785 351 934 377 sumus.
956 340 1003 377 In
1024 339 1152 391 primo
1171 337 1268 377 folio
1279 367 1291 386 ‚
1312 339 1421 391 quod
1438 338 1605 378 dicimus
1611 341 1761 390 feuille

402 407 454 444 de
466 407 613 457 garde,
633 405 716 444 haec
735 404 961 444 scribuntur
977 418 987 441 :
1007 406 1070 442 Eoe
1091 405 1281 442 Vaticana
1291 419 1308 452 ;
1327 404 1447 457 paulo
1465 414 1575 457 post:
1593 408 1672 444 mei
1679 408 1760 444 Lu-
1822 395 1828 398 ³

403 472 528 509 dovicz'
541 472 705 509 Areosti.

648 691 897 723 CODICES
926 693 995 722 Ex
1025 691 1234 722 ITALIA.
1267 690 1493 722 ALLATI.

451 798 659 851 Quidquid
679 800 721 838 in
743 799 866 838 altero
891 799 1093 838 volumine
1121 799 1301 838 editionis
1325 798 1524 838 Iuvenalis
1547 798 1598 837 de
1616 798 1663 837 iis
1682 811 1753 837 co-

399 865 553 904 dicibus
578 855 748 904 diximus
760 896 770 914 ‚
792 866 857 904 hic
881 867 1056 918 apprime
1081 866 1275 904 convenit.
1294 866 1396 904 Vide
1415 879 1527 918 pagg.
1549 866 1599 916 39
1618 874 1657 903 et
1674 871 1724 910 40
1737 894 1749 912 ,

396 940 461 968 nos
479 944 494 967 1
505 944 520 967 1
532 944 548 967 1
560 951 615 960 —
625 930 695 976 451
707 959 719 977 ‚
741 944 757 967 1
768 944 813 968 12
825 952 879 960 —
889 930 964 976 453
984 939 1024 968 et
1040 929 1130 974 455.
1147 932 1333 969 Praeterea
1343 961 1356 978 ‚
1371 930 1433 968 usi
1445 942 1579 968 sumus
1590 929 1748 968 duobus

395 994 598 1033 codicibus
616 995 839 1033 monasterii
857 995 987 1033 Sancti
1008 995 1215 1032 Salvatoris
1239 995 1288 1033 de
1310 994 1507 1042 Bononia,
1525 1004 1591 1033 n⁰⁵
1612 1007 1746 1032 112—

396 1057 482 1105 400,
502 1067 541 1097 et
565 1059 654 1097 cod.
684 1058 887 1097 Sorbonic.
918 1060 999 1104 III,
1018 1059 1060 1096 n'
1093 1058 1206 1108 1767.
1233 1058 1335 1099 Vide
1361 1073 1402 1112 p.
1433 1065 1508 1107 4ο,
1529 1065 1577 1106 4¹
1607 1067 1647 1098 et
1671 1064 1748 1106 42,

396 1125 441 1161 Τ.
461 1125 521 1172 11,
540 1132 679 1163 nostrae
698 1123 881 1163 editionis
898 1122 1107 1163 Juvenalis.

910 1316 1225 1331 mmm
