1898 3216
412 277 539 336 xxviij
786 279 842 321 A.
882 278 1113 322 PERSII
1155 279 1398 323 FLACCI

460 363 621 399 Constat
638 373 684 398 12
701 360 804 399 foliis
816 391 826 408 ,
844 370 882 400 et
897 363 1044 414 paginae
1062 362 1207 414 cuique
1222 364 1271 401 30
1284 372 1376 402 sunt
1389 363 1517 402 lineae.

458 426 665 465 character
681 439 773 464 vero
795 427 962 478 pertinet
979 427 1028 464 ad
1046 428 1234 465 Flaclzen.

595 491 609 535 (
620 492 797 535 Catalogus
808 493 994 525 cardinalis
1006 495 1055 524 De
1067 494 1224 525 Lomenie
1234 517 1244 533 ,
1258 496 1296 525 T.
1309 496 1324 526 1
1333 517 1342 534 ‚
1357 506 1391 537 p.
1411 494 1488 526 165.
1501 493 1516 538 )

405 564 454 600 A.
479 562 598 599 Persii
621 562 747 600 Flacci
771 563 981 600 Satirarum
1007 565 1130 614 Opus.
1158 564 1302 601 Anton.
1326 563 1494 602 Denidel
1506 592 1518 610 ‚

457 627 604 678 absque
620 628 712 664 anni
729 636 842 673 nota,
861 628 1013 665 Parisiis
1024 657 1036 675 ,
1575 656 1584 665 .
1602 656 1610 665 .
1628 656 1637 665 .
1654 656 1663 664 .
1699 626 1757 674 4⁸.

787 692 802 736 (
813 694 959 736 Catalog.
973 694 1013 725 de
1031 696 1075 725 La
1087 694 1231 726 Valliere
1241 718 1250 734 ,
1264 692 1304 725 n⁰
1322 707 1335 726 1
1344 706 1383 735 27
1394 705 1446 735 17.
1465 692 1478 738 )

404 764 454 800 A.
466 761 585 799 Persii
596 761 722 799 Flacci
735 763 867 800 Satirae
882 776 973 800 cum
986 763 1123 814 glossis
1137 764 1330 814 Scipionis
1339 764 1515 811 Ferrarii,

454 825 602 877 absque
617 827 708 864 anni
723 835 762 864 et
775 827 1016 877 impressoris
1034 827 1268 865 indicatione
1280 855 1291 873 ,
1308 828 1488 865 Ferrariae
1499 855 1511 874 ‚
1572 855 1581 864 ,
1599 856 1607 864 .
1625 854 1634 864 .
1652 855 1661 864 .
1697 824 1757 872 40.

1105 891 1215 935 (Bibl.
1235 894 1281 924 du
1298 892 1508 936 Pantheon.)

401 961 613 1011 Cantalycii
626 961 726 998 Clari
739 961 1037 999 commentarius
1051 961 1092 998 in
1107 961 1300 1008 Persium,
1313 963 1517 1000 Francisco

454 1026 588 1063 Mariae
653 1026 837 1077 episcopo
884 1025 1122 1063 Viterbiensi
1168 1025 1323 1063 dicatus
1357 1054 1369 1073 ‚
1415 1027 1520 1064 circa

454 1103 602 1127 annum
1563 1105 1577 1128 1
1586 1096 1605 1135 4
1613 1105 1632 1138 7
1639 1104 1675 1127 2.

399 1155 447 1191 A.
467 1155 619 1191 Persius
635 1154 817 1200 Flaccus,
837 1154 1016 1192 Ferrariae
1026 1183 1040 1200 ‚
1120 1195 1123 1199 ¹
1554 1161 1668 1203 1474.
1698 1152 1753 1191 1⁸⁰.

399 1220 445 1255 A.
466 1219 617 1256 Persius
632 1218 811 1264 Flaccus,
827 1232 898 1269 per
912 1221 971 1256 Jo.
989 1218 1038 1256 de
1051 1217 1318 1269 Westphalio‚
1337 1219 1497 1256 Lovanii
1509 1247 1520 1266 ‚
1554 1219 1668 1268 1475.
1697 1219 1718 1256 f
1719 1216 1752 1257 ⁰.

399 1285 446 1321 A.
470 1283 588 1320 Persii
612 1282 739 1321 Flacci
763 1283 894 1321 Satirae
921 1296 1014 1320 cum
1038 1283 1317 1321 commentario
1336 1284 1487 1330 Pontii,

450 1347 646 1393 venetiis,
1390 1378 1393 1380 >
1529 1380 1538 1385 .
1561 1348 1663 1393 1480
1694 1347 1714 1385 f
1717 1345 1750 1384 ⁰.

399 1424 447 1461 A.
460 1423 578 1460 Persii
589 1422 715 1460 Flacci
728 1422 873 1470 Safirae,
885 1436 975 1460 cum
989 1430 1198 1460 comment.
1209 1425 1231 1460 J
1232 1436 1268 1460 o.
1279 1423 1512 1470 Britannici,

450 1501 521 1538 per
533 1489 635 1538 Mag.
649 1486 874 1525 Gabrielem
888 1487 1134 1525 Tarvisinum
1151 1495 1191 1525 et
1206 1487 1372 1525 Paulum
1384 1487 1513 1524 filium

448 1551 534 1600 ejus
546 1581 558 1599 ,
574 1552 727 1598 Brixiae,
1551 1553 1666 1597 1481.

398 1631 447 1668 A.
482 1628 600 1666 Persii
630 1627 758 1666 Flacci
787 1628 920 1667 Satirae
939 1657 951 1676 ‚
980 1641 1051 1680 per
1083 1627 1241 1680 Baptist.
1276 1628 1326 1667 de
1354 1627 1483 1666 Tor-tis
1494 1656 1506 1676 ‚

449 1693 645 1739 Venetiis‚
1210 1711 1215 1718 ·
1548 1693 1662 1737 1482.
1692 1692 1712 1730 f
1716 1691 1749 1730 ⁰.

396 1771 445 1807 A.
466 1769 585 1807 Persii
604 1769 731 1807 Flacci
752 1769 908 1816 Safirae,
926 1769 1143 1807 Daventriae
1155 1797 1167 1815 ‚
1553 1770 1667 1815 1482.
1696 1767 1749 1806 Γ).

395 1846 446 1883 A.
459 1845 578 1883 Persii
589 1845 716 1883 Flacci
727 1846 874 1890 Satirae‚
888 1859 980 1883 cum
993 1853 1202 1883 comment.
1218 1845 1346 1886 Barth.
1359 1844 1488 1884 Fontii
1499 1874 1510 1892 ,

447 1923 519 1961 per
536 1910 758 1949 Renaldum
772 1910 821 1947 de
833 1910 1061 1962 Novimagio
1073 1939 1084 1957 ‚
1099 1910 1272 1948 Venetiis
1282 1938 1293 1956 ,
1548 1911 1662 1955 1482.
1690 1910 1710 1948 f
1715 1907 1747 1946 ⁰.

394 1987 443 2025 A.
459 1985 579 2023 Persii
592 1985 720 2023 Flacci
732 1985 864 2024 Satirae
881 1999 972 2023 cum
988 1993 1198 2023 comment.
1214 1984 1342 2023 Barth.
1359 1985 1486 2024 Fontii
1496 2014 1509 2032 ‚

447 2063 519 2102 per
535 2053 643 2102 Bapt.
664 2050 713 2088 de
733 2051 882 2097 Tortis‚
898 2050 1071 2088 Venetiis
1083 2077 1095 2096 ‚
1554 2051 1666 2095 1484.
1694 2047 1746 2087 f⁰.

394 2129 443 2165 A.
463 2126 582 2165 Persii
599 2127 727 2165 Flacci
743 2127 875 2165 Satirae
886 2155 898 2173 ‚
913 2140 983 2178 per
997 2126 1180 2164 eumdem
1193 2154 1204 2172 ‚
1223 2126 1397 2165 Venetiis
1408 2156 1420 2174 ‚
1550 2141 1565 2163 1
1575 2126 1663 2172 485.
1692 2124 1745 2163 f⁰.

393 2205 442 2241 A.
459 2203 579 2241 Persii
596 2203 722 2240 Flacci
746 2203 898 2249 Satirae,
920 2216 1011 2241 cum
1032 2210 1244 2241 comment.
1270 2205 1332 2240 Jo.
1360 2201 1510 2240 Britan-

445 2267 546 2314 nici,
567 2281 638 2319 per
655 2268 846 2306 Jacobum
860 2267 1146 2313 Britannicum,
1167 2267 1325 2313 Brixiae,
1549 2265 1659 2314 1486.
1688 2264 1744 2304 f⁰.

842 2332 889 2377 (J
892 2333 1042 2365 uvenalis
1057 2333 1186 2375 prodiit
1202 2333 1319 2364 eodem
1335 2330 1463 2375 anno.)

391 2405 439 2441 A.
452 2403 571 2440 Persii
580 2402 707 2441 Flacci
718 2403 850 2442 Satirae
858 2431 869 2450 ‚
883 2415 975 2440 cum
987 2401 1274 2441 commentariis
1286 2402 1481 2440 variorum
1489 2429 1501 2449 ,

443 2469 637 2515 Venetus,
1547 2465 1659 2516 1489.
1689 2465 1709 2502 f
1713 2463 1743 2502 ⁰.

391 2544 437 2581 A.
456 2543 574 2580 Persii
589 2544 716 2582 Flacci
737 2544 870 2583 Satirae
882 2573 893 2590 ‚
910 2557 982 2596 per
998 2543 1279 2582 Bernardinum
1297 2542 1501 2581 Benalium

445 2609 743 2658 Bergomensem
753 2618 791 2649 et
801 2609 1019 2649 Mattheum
1029 2611 1236 2662 Capcasam
1243 2611 1487 2647 Parmensem
1495 2636 1510 2656 ,

446 2672 618 2711 Venetiis
634 2702 645 2721 ‚
1546 2685 1562 2711 1
1571 2677 1620 2723 49
1627 2684 1642 2710 1
1650 2699 1663 2710 .
1689 2671 1709 2709 f
1711 2669 1742 2709 ⁰.
