1846 3184
243 271 326 326 194
545 268 735 311 VETT.
770 268 1271 312 COMMENTARII

287 352 338 388 V.
360 349 422 395 54.
442 351 519 388 Sub
537 353 619 388 sole
639 352 806 398 recenti]
825 353 892 390 Est
910 351 974 390 hic
994 365 1128 391 sensus
1141 353 1191 391 ab
1206 354 1366 392 Horatio
1376 362 1549 400 tractus:

470 423 533 454 Hic
550 429 656 454 mutat
671 434 796 454 merces
812 430 968 466 surgente
985 435 1002 454 a
1021 425 1099 455 sole.

286 488 333 523 V.
358 486 419 533 73.
446 487 616 535 Quisque
638 486 801 532 Velina]
821 486 960 523 Velina
985 486 1109 524 tribus
1133 500 1297 525 numero
1325 488 1487 525 aliarum
1515 489 1587 525 tri—

234 551 359 588 buum
370 551 546 588 accessit:
562 558 600 587 et
615 550 685 600 qui
700 550 802 587 circa
814 550 1000 588 Velinum
1015 551 1145 589 lacum
1161 551 1404 597 habitabant,
1420 556 1586 590 Romam

233 615 405 653 translati
422 623 524 652 sunt.
546 616 682 651 Romae
700 622 832 651 autem
852 622 933 651 erat
951 615 1195 653 consuetudo
1206 645 1216 663 ,
1233 625 1278 653 ut
1296 617 1365 668 qui
1381 630 1429 654 ex
1447 630 1588 654 manu-

231 681 413 718 missione
432 680 533 717 cives
552 678 719 716 Romani
738 677 1026 726 efficiebantur,
1043 680 1085 718 in
1100 694 1264 719 numero
1281 681 1426 719 civium
1442 684 1588 720 Roma-

231 758 372 782 norum
390 743 632 793 frumentum
649 742 856 794 publicum
874 743 1106 794 acciperent.

281 817 331 852 V.
365 813 428 861 75.
465 812 611 861 Quibus
640 826 718 849 una
754 814 968 860 Quiritem]
998 816 1107 860 Quos
1134 815 1461 852 manumittebant
1478 843 1488 860 ,
1519 829 1587 853 eos

229 879 339 930 alapa
359 890 564 929 percussos
582 877 897 928 circumagebant
909 905 919 923 ,
940 885 978 915 et
995 877 1140 915 liberos
1160 878 1450 921 confirmabant.
1470 879 1587 918 Unde

228 944 485 982 manumissio
504 943 607 980 dicta
621 972 631 990 ,
651 941 761 994 quod
780 942 1130 980 manumitteretur.
1150 943 1341 990 Quiritem
1358 952 1487 982 autem
1507 945 1586 982 sin-

228 1008 413 1060 gulariter
444 1007 604 1045 abusive
641 1006 739 1044 dixit
763 1036 773 1053 ,
805 1005 962 1044 licentia
999 1005 1163 1057 poetica.
1202 1008 1303 1044 Nam
1327 1007 1439 1059 ,sicut
1474 1011 1587 1046 Pater

228 1073 480 1124 Conscriptus
500 1085 580 1110 non
600 1071 766 1117 dicitur,
788 1071 841 1108 ita
858 1083 930 1108 nec
953 1070 1147 1117 Quiritem
1167 1070 1296 1109 dicere
1314 1084 1534 1123 possumus.

279 1147 327 1181 V.
351 1145 415 1181 88.
437 1146 476 1180 V
471 1145 643 1189 indicta]
667 1143 884 1194 Virgaest,
905 1140 982 1193 qua
1002 1142 1305 1180 manumittendi
1323 1156 1346 1180 a
1363 1145 1528 1181 Praetore
1543 1143 1583 1181 in

228 1208 355 1260 capite
383 1208 589 1260 pulsantur
612 1222 621 1244 ε
651 1207 741 1245 ideo
774 1207 878 1244 dicta
902 1236 912 1253 ,
942 1206 1053 1258 quod
1083 1221 1175 1244 eum
1202 1207 1373 1245 vindicat
1403 1207 1586 1245 libertati.

227 1275 424 1310 Masurius
447 1281 578 1310 autem
598 1271 662 1309 hic
683 1271 849 1309 Sabinus
872 1270 968 1322 legis
987 1271 1190 1309 consultus
1215 1271 1314 1309 fuit:
1335 1279 1374 1309 et
1390 1263 1585 1318 rubricas,

226 1346 340 1376 vocat
359 1338 525 1374 minium
538 1366 548 1383 ‚
570 1350 651 1388 quo
674 1336 779 1374 tituli
802 1336 935 1387 legum
955 1323 1252 1373 annotabantur.

279 1411 327 1445 V.
354 1422 440 1445 100.
469 1409 578 1444 Certo
598 1420 837 1456 compescere
849 1411 1027 1456 puncta]
1047 1408 1136 1444 Non
1153 1406 1203 1443 ad
1225 1406 1410 1445 trutinam
1424 1435 1435 1453 ,
1453 1406 1521 1444 sed
1537 1407 1586 1445 ad

227 1481 408 1511 stateram
427 1472 583 1518 retulit,
601 1485 689 1522 quae
707 1472 863 1522 punctis
875 1501 886 1518 ,
906 1479 944 1508 et
962 1471 1088 1508 unciis
1106 1463 1289 1522 signatur.

280 1547 328 1581 V.
360 1549 446 1587 104.
472 1546 652 1607 Fronte-m
681 1543 730 1578 de
757 1542 895 1588 rebus.]
922 1540 1130 1578 Pudorem.
1151 1541 1361 1591 Templum
1381 1542 1485 1579 enim
1505 1556 1585 1594 pu-

227 1608 334 1646 doris
354 1616 412 1645 est
431 1607 552 1644 frons.
705 1612 708 1633 ¹
1376 1657 1381 1663 ι

280 1681 329 1716 V.
353 1692 440 1716 112.
464 1676 769 1728 Mercun·alem.]
788 1676 884 1714 Ideo
912 1675 1012 1713 dixit
1026 1705 1036 1722 ,
1058 1675 1150 1727 quia
1175 1675 1306 1726 ipsum
1329 1676 1460 1712 Deum
1484 1674 1584 1712 lucri

229 1743 378 1781 dicunt.
405 1742 519 1780 Unde
551 1750 590 1779 et
615 1755 708 1779 cum
739 1740 912 1779 sacello*
935 1741 1132 1792 pingitur,
1159 1748 1198 1777 et
1227 1753 1249 1778 a
1277 1739 1587 1797 negotiatoribus

228 1807 445 1859 plurimum
467 1806 623 1844 colitur.

281 1881 329 1916 V.
362 1891 449 1926 119.
479 1878 652 1926 Digitum
679 1880 823 1922 emere]
847 1875 981 1926 Digito
1009 1873 1163 1911 sublato
1182 1872 1363 1919 ostende,
1382 1873 1529 1910 victum
1548 1881 1587 1910 te

230 1957 312 1982 esse
341 1956 364 1980 a
385 1942 498 1979 vitiis.
515 1931 714 1978 Tractum
745 1954 767 1977 a
798 1939 1101 1991 gladiatoribus,
1127 1938 1196 1990 qui
1226 1938 1342 1985 victi,
1367 1938 1589 1976 ostensione

229 2009 342 2060 digiti
357 2007 509 2045 veniam
526 2019 548 2042 a
566 2005 717 2056 populo
737 2004 1001 2055 postulabant.

282 2082 331 2116 V.
370 2079 455 2115 123.
489 2078 672 2113 Moveare
705 2075 908 2124 Bathylli]
945 2074 1148 2126 Bathyllus
1184 2074 1449 2126 pantomimus
1482 2073 1556 2111 fuit
1574 2101 1587 2118 ,

229 2143 453 2182 Maecenatis
471 2141 647 2177 libertus.

285 2215 333 2250 V.
368 2212 453 2259 137.
488 2213 600 2247 Verte
626 2210 803 2259 aliquid]
832 2208 1059 2259 Negotiare,
1092 2216 1132 2245 et
1162 2208 1332 2259 speciem
1358 2220 1431 2258 pro
1458 2206 1587 2257 specie

232 2284 445 2315 commuta.

286 2350 335 2384 V.
368 2345 454 2382 138.
481 2347 613 2390 Baro,
638 2346 897 2393 regustatum.]
919 2342 1067 2393 Lingua
1094 2341 1297 2378 Gallorum
1321 2341 1506 2385 barones,
1525 2339 1586 2377 vel

233 2424 396 2450 varones
422 2410 611 2447 dicuntur
634 2408 733 2446 servi
757 2407 930 2445 militum
945 2435 956 2453 ,
978 2406 1047 2457 qui
1073 2406 1211 2456 utique
1237 2404 1456 2442 stultissimi
1473 2413 1563 2442 sunt
1577 2433 1587 2449 ,

235 2477 335 2515 servi
351 2474 533 2512 videlicet
552 2473 777 2510 stultorum.

288 2543 336 2577 V.
351 2554 367 2576 1
377 2546 438 2584 40.
449 2538 758 2587 Etoenoplzorum
768 2541 912 2587 aptas.]
924 2527 1206 2587 Oenophorum
1217 2547 1282 2572 vas
1291 2533 1426 2573 vinum
1440 2534 1565 2573 ferens
1575 2563 1586 2578 ,

238 2602 318 2646 οἶνος
339 2605 443 2643 enim
461 2603 597 2641 vinum
616 2611 672 2640 est
684 2631 695 2649 ,
716 2602 765 2639 de
784 2615 866 2653 quo
883 2609 941 2639 est
958 2600 1082 2638 illud:

471 2676 622 2712 Vertitur
638 2675 833 2718 oenophoris
847 2674 975 2706 fundus
986 2697 995 2713 ,
1009 2672 1171 2705 sententia
1186 2671 1293 2703 nobis.
