1846 3184
316 339 368 367 22

657 323 712 363 A.
747 320 993 363 PERSII
1031 319 1283 362 FLACCI

369 405 472 447 Non
492 418 592 461 ego,
610 405 707 444 cnm
727 403 869 445 scribo
881 435 892 455 ,
913 402 948 443 si
966 402 1076 444 forte
1095 401 1201 459 quid
1217 401 1354 460 aptius
1370 401 1456 443 exit
1600 403 1646 448 '45

373 478 582 537 (Quando
598 479 689 521 haec
706 494 800 520 rara
818 479 904 520 avis
922 478 1030 536 est),
1046 479 1080 519 si
1099 477 1205 535 quid
1220 488 1362 518 tamen
1378 477 1519 535 aptius
1538 477 1648 530 exit,

370 554 556 597 Laudari
574 565 760 595 metuam
774 570 784 607 3
802 568 942 611 neque
956 554 1069 595 enim
1089 553 1196 594 mihi
1209 567 1364 594 cornea
1379 551 1489 594 fibra
1502 562 1588 595 est:

370 630 456 673 Sed
474 630 578 672 recti
595 629 813 687 finemque
832 640 1153 686 extremumque
1170 642 1259 670 esse
1277 642 1427 670 recuso

373 707 495 761 Euge
512 717 659 757 tuum,
679 716 721 746 et
742 704 856 747 belle.
874 705 982 746 Nam
1003 705 1106 746 belle
1124 705 1208 746 hoe
1224 714 1372 746 excute
1389 713 1555 745 totum:

374 782 493 836 Quid
511 797 598 823 non
617 782 732 823 intus
751 781 909 824 habet?
927 782 1028 824 Non
1045 792 1108 824 est
1124 780 1196 822 hic
1215 781 1312 822 Ilias
1331 778 1459 833 Acci,
1606 782 1650 819 50

316 908 399 943 Vid.
409 910 499 943 infra
510 922 583 943 var.
593 908 672 943 lect.
683 907 728 942 Id
738 915 790 942 est
802 921 809 941 :
825 909 845 940 ὅ
852 911 958 947 modo,

290 982 293 984 >
317 970 358 996 tu
374 963 434 1009 qui
451 962 559 996 modo
572 963 714 995 locutus
728 973 786 1002 es;
801 974 960 1005 quemque

306 1016 368 1059 sas
379 1026 441 1056 ese,
455 1015 528 1049 scil.
533 1018 593 1058 jas
608 1024 671 1053 ese,
687 1024 716 1047 te
727 1014 833 1047 dicere
844 1027 887 1047 ex
899 1017 960 1047 ad-

315 1081 414 1102 verso.
439 1071 483 1102 A.

364 1121 420 1160 45.
448 1123 485 1153 Si
498 1120 590 1164 fbrce
620 1121 703 1163 quid
730 1121 837 1163 apcius
864 1119 955 1166 exin]

316 1172 540 1219 Singularem
553 1172 778 1214 modestiam,
789 1173 857 1207 hoc
869 1173 959 1214 loco,

318 1234 354 1259 et
371 1226 465 1259 inira
480 1225 622 1259 Persius
639 1224 810 1259 ostendit.

366 1280 423 1319 46.
447 1281 584 1321 Quando
606 1279 676 1310 koec
698 1291 778 1310 rara
799 1279 889 1321 avis]
906 1276 962 1311 Ad

316 1331 520 1364 Phoenicem
529 1343 626 1365 avem
635 1329 774 1364 alludit.
782 1329 866 1363 Vid.
873 1330 962 1363 Plin.

316 1383 368 1416 lib
393 1383 428 1416 X
438 1407 448 1423 ‚
461 1394 541 1429 cap.
555 1395 588 1416 2.
601 1381 708 1416 Ovid.
725 1383 867 1416 Metam.
877 1383 962 1424 XV,

318 1436 363 1482 37
377 1461 388 1478 ,
405 1444 441 1469 et
458 1435 588 1470 Juven.
605 1435 682 1476 VI,
702 1435 781 1469 165.

367 1494 426 1534 47.
451 1491 574 1522 Cornea
582 1491 675 1534 fibra
692 1489 760 1535 est.]
782 1489 853 1523 Cor
871 1487 960 1522 mihi

318 1541 454 1576 durum
466 1554 540 1575 non
553 1549 617 1583 est,
625 1540 725 1587 quod
736 1540 851 1575 laudis
860 1553 960 1575 amor

312 1607 391 1629 -non
405 1597 703 1642 tangat.-Fibra.
720 1595 960 1643 Synecdochi-

318 1661 377 1688 ce,
388 1660 456 1694 pro
471 1647 595 1689 corde,
608 1650 712 1695 cujus
725 1648 963 1683 extremitates

318 1700 418 1733 fibrae
435 1700 675 1746 appellantur.
696 1700 736 1733 P.

368 1754 426 1794 48.
456 1756 520 1786 Sed
539 1756 620 1794 recti
631 1754 736 1799 finem
747 1778 758 1792 ‚
774 1755 845 1796 eta]
867 1752 962 1786 Lau-

319 1804 403 1839 dem
419 1830 430 1847 ,
454 1806 574 1852 inquit
587 1831 597 1848 ,
621 1817 695 1838 non
720 1817 852 1851 respuo
865 1817 875 1847 ;
898 1803 962 1838 scd

1011 921 1086 942 eam
1096 921 1165 955 pro
1177 908 1249 942 fine
1259 917 1294 942 et
1306 907 1435 942 ultimo
1444 919 1553 953 scopo
1562 906 1651 940 mihi

1010 972 1213 1007 proponere
1226 960 1324 994 nolo.
1339 960 1499 994 Omnino
1512 959 1651 1006 sapien-

1011 1022 1083 1047 tem
1093 1013 1247 1047 stoicum
1255 1025 1298 1047 ex
1305 1013 1360 1046 his
1370 1012 1471 1048 facile
1478 1023 1654 1059 agnoscas.

1012 1065 1140 1100 Stoicis
1152 1066 1247 1099 enim
1259 1065 1377 1101 virtus
1392 1065 1467 1112 ipsa
1479 1077 1548 1112 pro
1561 1077 1654 1099 mer-

1012 1118 1099 1152 cede
1116 1118 1354 1165 reputabatur
1365 1142 1376 1159 ‚
1393 1118 1438 1152 ab
1457 1117 1526 1152 hnc
1543 1117 1653 1152 unico

1011 1179 1194 1217 praecepto
1206 1169 1388 1216 pendebat
1398 1181 1525 1204 eorum
1537 1169 1654 1204 omnis

1014 1223 1190 1258 doctrina.
1208 1222 1395 1258 Claudian.

1014 1294 1085 1332 Ipsa
1098 1293 1223 1334 quidem
1235 1293 1334 1322 virtus
1343 1292 1479 1332 pretium
1489 1291 1561 1322 nihi.
1620 1312 1628 1320 .
1644 1313 1653 1322 .

1014 1342 1085 1371 Non
1098 1340 1166 1380 opis
1175 1346 1309 1369 externa!
1318 1339 1461 1380 cupiens,
1473 1348 1538 1369 non
1551 1337 1656 1379 indiga

1095 1387 1193 1416 laudis
1202 1409 1211 1423 ‚
1451 1414 1460 1421 ‚

1012 1434 1136 1465 Divitiis
1172 1434 1310 1463 animosa
1343 1433 1406 1463 suis
1425 1455 1434 1470 ‚
1466 1432 1656 1473 immotaque

1094 1482 1188 1510 nullis

1012 1528 1151 1564 Casibus,
1161 1539 1199 1558 ex
1211 1529 1237 1557 al
1242 1534 1271 1557 ta
1282 1527 1424 1557 mortalia
1435 1526 1567 1567 despicit
1574 1534 1656 1557 arce.

1061 1597 1118 1637 49.
1139 1595 1228 1636 Euge
1241 1601 1330 1624 tuum
1338 1597 1350 1630 3
1365 1600 1400 1624 et
1414 1590 1518 1637 belles]
1534 1591 1657 1625 Accla-

1015 1645 1191 1679 mationes
1201 1643 1337 1679 usitatae
1345 1668 1354 1684 ,
1362 1642 1409 1678 ad
1419 1655 1506 1689 quas
1512 1654 1658 1689 respon·

1016 1697 1104 1731 dent
1122 1705 1288 1730 nostrum
1303 1698 1422 1728 bravo!
1435 1695 1479 1728 A.

1063 1750 1118 1785 50.
1140 1752 1228 1792 Quid
1237 1762 1301 1782 non
1315 1750 1399 1781 intus
1410 1749 1553 1793 liabett’]
1569 1747 1655 1783 scil.

1014 1803 1217 1845 inanitatis,
1235 1801 1451 1837 adulationis
1467 1810 1504 1836 et
1520 1800 1656 1836 irrisio-

318 1922 407 1952 inter
416 1933 501 1963 quos
511 1923 690 1959 Puteanus,
701 1923 800 1959 8048,
813 1921 1039 1959 Colbertinus‚
1054 1921 1144 1961 8049
1152 1943 1162 1958 ‚
1175 1919 1392 1957 Mantineae,
1401 1917 1655 1955 Fauchetimuu,

322 1975 428 2013 8070,
442 1982 475 2005 et
496 1974 552 2005 alii
573 1975 727 2016 permulti
750 1980 982 2012 numerantur,
1002 1974 1106 2005 veluti
1128 1974 1287 2015 aptiorem
1308 1979 1342 2004 et
1361 1972 1657 2015 solnmgenuinan
1683 1972 1688 1978 ’

322 2027 471 2070 (Thuan.
484 2035 595 2058 tamen
608 2030 634 2065 Ι,
648 2030 734 2066 8072
744 2035 777 2058 et
790 2027 863 2058 cod.
878 2034 991 2058 noster
1003 2024 1246 2068 habentfi’ci.):
1260 2025 1343 2069 quid
1354 2026 1444 2057 enim
1459 2025 1535 2056 vult
1545 2024 1658 2062 istud,

315 2092 418 2122 quem
437 2090 480 2111 ex
496 2081 627 2110 adverso
643 2080 749 2110 dicere
758 2078 833 2121 fici
843 2102 853 2116 ,
875 2090 940 2120 par
957 2079 1017 2120 qui
1026 2079 1066 2122 je
1079 2090 1130 2110 me
1146 2078 1210 2109 suis
1217 2077 1291 2120 fait
1290 2077 1385 2120 faire
1396 2088 1447 2110 ces
1457 2077 1658 2120 objections?

315 2133 450 2165 ,Persius
464 2139 575 2163 autem
587 2132 810 2163 adversarium
827 2132 1027 2173 alloquitur,
1042 2138 1073 2162 et
1087 2131 1152 2162 ait.-
1168 2130 1318 2172 Quisquis
1333 2141 1385 2167 es,
1397 2129 1419 2160 ὄ
1432 2129 1547 2165 modo,
1561 2139 1658 2170 quem

311 2183 372 2225 fizs
391 2192 439 2216 est
456 2184 562 2215 dicere
582 2194 625 2214 ex
649 2184 803 2220 adverso;
822 2184 882 2225 qui
900 2195 963 2224 que
988 2191 1022 2213 tu
1039 2182 1119 2221 sois,
1137 2190 1171 2213 cu
1194 2193 1230 2212 as
1251 2182 1280 2213 Ie
1301 2180 1390 2212 droit
1403 2180 1597 2213 sansdoute
1618 2181 1660 2211 de

322 2235 424 2268 n¹e⁴tre
440 2248 503 2278 pas
523 2237 563 2267 de
586 2247 661 2267 mon
680 2236 765 2267 avis:
773 2237 812 2279 je
830 2236 898 2267 n'ai
907 2247 970 2277 pas
986 2236 1017 2266 le
1038 2235 1126 2267 droit
1145 2235 1186 2266 de
1205 2232 1395 2275 c'empe‘clner
1410 2233 1452 2264 de
1466 2233 1582 2275 parler
1597 2243 1658 2264 au-

321 2296 480 2325 trement;
500 2296 606 2329 quant
620 2289 643 2319 ὰ
665 2288 749 2326 moi,
767 2296 827 2321 etc.
847 2288 942 2320 Nihil
965 2288 1047 2319 novi
1071 2287 1255 2329 simplicius
1276 2293 1310 2317 et
1326 2285 1577 2317 convenientius
1593 2284 1657 2318 luc

321 2341 555 2383 explicatione.
566 2343 641 2375 Vet.
652 2341 758 2373 schol.
774 2348 807 2372 et
822 2347 898 2383 post
910 2351 986 2372 eum
1002 2351 1118 2371 omnes
1131 2339 1213 2371 editi
1225 2339 1303 2370 libri
1311 2361 1322 2378 ‚

546 2407 695 2449 Quisquis
707 2419 739 2438 cs
749 2431 757 2446 ‚
770 2410 790 2438 ὁ
801 2408 897 2439 modo
905 2430 915 2445 ‚
928 2418 1021 2448 quem
1033 2418 1072 2437 ex
1083 2407 1213 2437 adverso
1227 2406 1332 2437 dicere
1333 2405 1411 2447 feci
1419 2427 1432 2441 ,

321 2469 357 2507 id
370 2482 417 2507 est
425 2498 435 2515 ‚
449 2475 533 2506 finxi
542 2499 552 2514 ,
565 2475 723 2506 constitui
734 2473 956 2506 adversarium
968 2473 1060 2504 mihi.
1072 2473 1179 2504 Miror
1190 2472 1423 2504 Casaubonum
1431 2494 1441 2510 ,
1455 2472 1516 2513 qui
1529 2471 1658 2515 aliquot

323 2529 418 2559 codd.
433 2540 514 2559 usus
528 2534 578 2559 est
590 2549 599 2566 ‚
613 2528 792 2570 p‘raesertim
806 2529 954 2558 Puoeano
966 2533 1079 2558 nostro
1092 2526 1162 2557 haec
1178 2536 1248 2557 non
1259 2524 1530 2556 animadvertisse.

369 2594 410 2622 V.
429 2593 482 2628 46.
500 2592 586 2622 Haec.
599 2594 673 2622 Vct.
687 2590 790 2622 schol.
805 2590 907 2622 habet
922 2589 993 2621 hoc.
1008 2590 1126 2622 Caeteri
1138 2600 1253 2621 omnes
1266 2595 1298 2620 et
1315 2588 1395 2619 editi
1408 2595 1441 2619 et
1453 2588 1568 2630 scripti
1579 2588 1659 2619 libri

324 2642 413 2680 haec,
429 2650 515 2674 certe
535 2643 663 2674 melius.
683 2645 725 2674 In
745 2642 919 2674 nonnullis
937 2642 1034 2673 codd.
1053 2653 1167 2674 versus
1190 2642 1251 2674 iste
1270 2647 1385 2680 vacat,
1398 2640 1436 2672 in
1455 2640 1551 2673 codd.
1570 2650 1661 2684 prae-

323 2696 434 2728 sertim
451 2697 538 2729 8050
552 2703 586 2730 et
601 2697 701 2739 8274.
721 2696 804 2730 Cod.
822 2702 950 2743 noster,
963 2694 1043 2729 lcoec.
