1846 3184
13 1224 23 1240 q.
0 1120 48 1208 „ag-xm·-
0 1066 18 1109 w«
0 944 30 1055 .¹‚;:32‘.÷;3Q'‹
0 856 33 932 flgr‘:
7 827 17 837 ν
5 797 25 810 «ἢ
0 721 24 770 9ξὲ
8 658 13 678 2—
0 628 11 642 Ἀ

727 310 988 353 SATIRA
1025 310 1087 352 ·V.
1503 328 1583 370 117

310 393 357 436 Si
375 391 532 450 quibus
549 401 625 432 aut
643 389 852 444 Procnes,
870 402 944 433 aut
960 391 995 433 si
1016 391 1173 448 quibus
1191 392 1276 433 olla
1294 391 1488 450 Thyestae

308 466 529 519 Fer-vehit,
545 481 655 524 saepe
679 467 840 508 insulso
862 466 1067 508 coenanda
1089 466 1299 523 Glyconi:

307 542 376 583 Tu
392 556 533 599 neque
549 541 785 594 anhelanti,
802 542 1002 599 coquitur
1019 542 1123 584 dum
1141 557 1273 584 massa
1287 542 1477 595 camino,
1540 561 1582 584 ιο

306 617 428 660 Folle
445 618 602 675 premis
619 627 792 671 ventos5
810 631 913 670 nec,

297 757 332 791 8.
357 758 393 789 Si
409 758 526 800 quibus
546 765 607 788 aut
627 759 784 794 Procnes,
802 757 888 799 αα]

246 807 285 842 si
296 808 367 842 illis
383 817 446 842 aut
463 808 533 842 olla
550 807 724 850 Procnes,
742 816 804 841 aut
818 808 888 842 olla

247 859 412 908 Thyesta
435 860 599 894 fervebit.
620 864 752 894 Fer-vere
768 869 888 895 autem

243 911 523 946 illisdiciturolla
530 912 683 946 Procnes
690 912 890 959 autThyes-

246 972 290 998 te
309 990 336 1008 „
352 965 417 1012 qui
448 973 671 1011 componunt
705 963 889 1011 tragoedias

246 1017 303 1051 vel
328 1016 374 1051 de
393 1018 531 1058 Tereo,
551 1017 615 1064 qui
640 1017 757 1050 filium
783 1029 890 1051 suum

247 1069 332 1117 Ityn
343 1070 410 1103 sibi
424 1082 442 1103 a
456 1070 593 1104 Procne
611 1070 815 1116 appositum
827 1071 891 1103 im-

248 1122 410 1168 prudens
428 1121 502 1157 edit
513 1148 525 1164 ‚
539 1123 594 1157 vel
614 1122 660 1156 de
675 1124 782 1156 Atreo
801 1123 865 1169 qui
876 1147 889 1164 ,

248 1174 423 1208 similibus
448 1175 585 1222 epulis,
603 1174 795 1222 Thyestam
820 1175 890 1208 fra-

250 1235 340 1261 trem
358 1228 468 1275 pavit.
483 1228 599 1261 Plaut.
614 1226 774 1262 Rudent.

288 1289 497 1319 Scelestiorem
511 1299 626 1319 coenam
642 1289 756 1319 coenavi
768 1296 850 1319 tuam
859 1311 868 1325 ‚

249 1335 350 1373 Qu'am
367 1345 434 1374 qua
447 1336 585 1373 Thyeste
600 1335 755 1375 qnondam
766 1343 891 1376 antepo-

328 1381 386 1411 sin
398 1387 443 1411 est
457 1387 488 1411 et
502 1382 611 1411 Tmo.

249 1438 302 1472 De
313 1437 369 1471 his
383 1437 513 1472 fabulis
522 1462 533 1479 ‚
547 1437 620 1473 vid.
630 1437 735 1472 Ovid.
744 1439 887 1472 Metam.

245 1489 311 1524 lib.
327 1490 382 1523 VI
392 1514 404 1531 ‚
418 1490 489 1524 fab.
505 1502 525 1535 7
535 1499 597 1533 ‚et
610 1490 732 1525 Senec.
746 1491 887 1538 Tragic.

247 1542 285 1576 in
301 1541 469 1590 Thyeste.
488 1545 527 1577 C.

293 1607 326 1640 9.
336 1600 426 1639 Soepe
434 1598 550 1629 insulso
558 1599 717 1629 coenanda
726 1598 883 1643 Glyconi-J

245 1647 325 1682 olla
332 1647 485 1682 Procnes
496 1656 531 1683 et
538 1649 702 1696 Thyestae
714 1662 806 1696 saepe
819 1662 886 1684 coe-

244 1699 382 1742 nanda,
399 1701 438 1735 id
455 1710 507 1735 est
520 1726 531 1743 ‚
547 1714 638 1748 sape
658 1702 811 1748 agenda,
831 1715 887 1736 re·

245 1753 400 1800 petenda
418 1754 458 1787 in
476 1755 599 1788 scenis.
621 1754 772 1788 casaub.
792 1772 806 1784 ·
820 1757 887 1788 (5oe-

248 1823 264 1837 ι
278 1820 379 1846 nare,
392 1807 452 1841 hic
468 1815 522 1841 est
537 1819 637 1853 agere
655 1808 810 1841 fabulam
824 1819 887 1841 cu·

250 1876 264 1889 ι
280 1859 429 1905 piditate
452 1872 559 1894 coenae
570 1885 581 1901 ‚
595 1860 674 1894 —sive
691 1859 863 1894 mercedis
874 1884 886 1899 ‚

249 1929 264 1941 «ι
279 1912 376 1946 unde
397 1925 433 1947 se
453 1913 530 1959 ipse
550 1913 629 1946 alat.
643 1929 658 1942 ι
684 1914 754 1947 Cui
772 1914 887 1947 textus

244 1964 341 2010 parti
369 1965 444 1999 haec
479 1965 669 2010 explicatio
699 1965 888 1999 conveniat

247 2029 324 2050 non
346 2017 462 2063 probe
485 2016 606 2051 video.
616 2038 663 2043 -—
679 2019 817 2051 Insulso.
829 2043 838 2051 .
851 2042 860 2051 .
875 2042 886 2051 .

249 2071 391 2111 Glyconi.
400 2070 599 2104 Vet.schol.
616 2087 631 2100 ι
641 2070 780 2117 Glycon
793 2095 803 2111 ‚
818 2079 887 2105 tra·

249 2139 265 2152 ι
278 2121 404 2169 gaedus
418 2147 430 2164 ‚
452 2124 589 2170 populo
616 2124 705 2157 mire
731 2124 885 2169 placuit:

249 2191 264 2204 ι
280 2183 316 2208 et
337 2174 420 2209 ideo
444 2188 464 2209 a
485 2176 628 2209 Nerone
653 2176 888 2210 manumissus

247 2242 264 2256 ι
279 2234 351 2268 oet,
366 2225 458 2260 datis
467 2227 618 2274 Virgilio
631 2226 788 2273 tragoedo
797 2252 808 2269 ‚
822 2227 888 2261 do-

248 2296 264 2310 ·
280 2280 379 2313 mino
406 2282 504 2327 ejus,
521 2293 590 2326 pro
614 2289 715 2327 parte
740 2279 889 2314 dimidia

248 2348 263 2361 ι
278 2343 387 2378 quam
404 2331 606 2378 possidebat
618 2357 629 2374 ‚
645 2333 888 2366 sestertiorum

248 2400 263 2413 ι
278 2385 446 2418 tercentis
463 2385 632 2419 millibus.
649 2385 716 2419 Hic
732 2385 800 2419 fuit
816 2394 885 2419 sta·

246 2451 261 2465 =
277 2443 364 2469 turae
382 2437 494 2482 longae
504 2461 515 2478 ‚
531 2437 622 2471 fusci
640 2438 799 2483 corporis
810 2462 821 2478 ‚
837 2438 887 2471 la-

248 2505 264 2517 ·
275 2488 337 2522 bio
344 2488 507 2523 inferiori
514 2488 687 2532 demisso;
698 2502 741 2522 an
746 2493 887 2535 tequiim

248 2557 264 2571 c
277 2541 539 2583 subornaretur,
552 2542 722 2577 deformis
730 2567 740 2583 ,
748 2543 888 2576 nescius

933 618 1075 659 Clauso
1094 632 1312 660 murmure
1331 633 1507 670 raucus,

943 771 957 785 ι
969 755 1108 802 jocari,
1128 761 1279 802 propter
1299 755 1402 803 quod
1420 768 1504 790 eum
1526 756 1583 790 in·

943 824 957 838 ι
972 808 1107 842 salsum
1122 807 1263 842 Persius
1275 807 1383 842 dixit.
1396 824 1411 838 ι
1430 810 1473 842 Α.

990 873 1043 894 ιο.
1055 865 1098 893 Tu
1105 862 1397 904 nequeanlzelanti,
1403 863 1481 905 etc-J
1489 861 1583 895 Lan-

941 913 1001 947 dat
1024 917 1205 948 Cornutus
1230 913 1450 960 discipulum
1473 925 1582 948 suum

940 973 1016 1001 κατ’
1038 968 1127 1013 ἄρσιν
1151 967 1207 1001 καὶ
1231 969 1336 1009 θέσιν,
1354 968 1456 1014 prius
1479 979 1580 1014 sepa-

940 1031 1020 1053 rans
1035 1032 1054 1053 a
1069 1019 1168 1053 malis
1180 1019 1298 1066 poetis
1307 1044 1319 1061 ‚
1337 1027 1372 1053 et
1385 1019 1470 1054 vitia
1482 1031 1582 1053 com-

940 1085 1140 1106 memorans
1163 1073 1293 1120 quibus
1315 1081 1433 1115 caret;
1450 1071 1582 1107 deinde

939 1126 1093 1161 virtutes
1111 1138 1295 1160 recensens
1312 1127 1445 1173 quibus
1462 1126 1507 1160 sit
1523 1138 1583 1160 or-

940 1187 1053 1213 natus.
1066 1179 1164 1221 Quid
1179 1180 1244 1213 tibi
1255 1180 1307 1214 vis
1319 1205 1331 1221 ,
1343 1179 1482 1226 inquit,
1497 1181 1583 1212 cum

940 1232 1052 1266 malos
1075 1236 1198 1278 poetas
1222 1231 1397 1266 imitaris?
1418 1245 1521 1273 nam,
1541 1240 1584 1265 tu

940 1296 1015 1317 non
1030 1284 1058 1317 is
1072 1292 1108 1318 es
1120 1284 1183 1330 qui
1197 1284 1297 1317 malis
1309 1292 1345 1318 et
1357 1284 1486 1331 ineptis
1498 1287 1604 1363 Q

941 1336 985 1370 tis
995 1335 1122 1370 debeas
1132 1334 1368 1370 adnumerari.
1375 1335 1507 1370 Tribus
1519 1344 1567 1370 a!

942 1397 1012 1423 tem
1024 1390 1119 1423 notis
1127 1389 1261 1423 malum
1270 1392 1412 1435 poetam
1422 1401 1584 1435 ιαρωιτη·

940 1443 1016 1488 pita
1030 1455 1038 1475 :
1055 1442 1190 1488 prima,
1208 1441 1308 1488 quod
1311 1441 1398 1484 folle
1413 1442 1588 1474 anhelanti

934 1503 1066 1536 premat
1074 1502 1208 1532 ventos,
1228 1491 1267 1526 id
1282 1500 1335 1527 est
1346 1519 1358 1535 ‚
1374 1493 1475 1540 quod
1491 1495 1583 1527 vana

940 1546 1135 1579 ambitione
1145 1545 1290 1587 ductus,
1305 1553 1346 1580 ut
1359 1546 1450 1580 fabri
1462 1550 1582 1580 aetem

938 1598 1086 1631 follibus
1107 1598 1286 1631 inclusum
1311 1598 1511 1644 exagitant,
1535 1596 1582 1631 ad

938 1651 1118 1685 fornacem
1127 1649 1408 1692 accendendum,
1416 1653 1492 1683 dum
1501 1664 1582 1683 mas-

938 1717 975 1737 sa
1000 1704 1086 1737 ferri
1113 1706 1264 1747 coquitur
1278 1729 1289 1742 ‚
1310 1704 1370 1738 ille
1396 1716 1432 1738 se
1453 1728 1464 1744 ‚
1490 1702 1580 1737 dum

939 1756 1132 1790 meditatur
1143 1768 1182 1789 ac
1197 1755 1301 1803 fingit
1318 1768 1429 1802 opus,
1444 1755 1582 1790 discru-

939 1811 1031 1852 ciet;
1049 1810 1135 1843 item
1146 1834 1157 1850 ‚
1174 1809 1366 1855 pulmones
1384 1810 1505 1856 fatiget
1523 1821 1581 1842 re·

939 1862 1080 1896 citando
1094 1874 1235 1896 carmen
1247 1886 1259 1903 ‚
1273 1861 1466 1908 presertim
1480 1861 1583 1895 infla-

939 1925 1018 1951 tum
1037 1924 1073 1949 et
1094 1914 1295 1963 turgidum.
1312 1915 1438 1950 Horat.
1455 1915 1520 1949 lib.
1539 1915 1557 1948 I
1569 1938 1582 1957 ‚

939 1977 1004 2002 sat.
1025 1973 1069 2008 «ξε

937 2034 979 2062 At
991 2038 1024 2062 tu
1042 2032 1198 2063 conclusas
1217 2031 1342 2063 hircinis
1356 2031 1481 2061 follibus
1495 2040 1582 2060 auras

938 2080 1044 2119 Usque
1055 2079 1227 2110 laborantes
1246 2077 1451 2110 ‹11me
1464 2077 1583 2107 molliat

1021 2125 1103 2166 iguis

940 2172 983 2202 Ut
996 2172 1092 2201 mavis
1107 2171 1236 2201 imitare.

940 2231 1071 2264 Juven.
1086 2237 1150 2263 sat.
1169 2229 1244 2262 VII
1258 2253 1269 2269 ‚
1285 2241 1321 2263 v.
1341 2239 1402 2261 111
1418 2239 1428 2259 ε

939 2288 1027 2317 Tunc
1044 2287 1189 2316 immensa
1208 2285 1275 2316 cavi
1293 2285 1409 2324 spirant
1425 2282 1583 2313 mendacia

1022 2334 1121 2363 folles.
1398 2331 1434 2360 C.
1447 2335 1478 2359 et
1490 2331 1524 2358 P.

988 2397 1004 2418 1
1013 2397 1027 2418 1
1036 2410 1044 2417 .
1059 2387 1126 2416 Nec
1138 2386 1247 2416 clauso
1261 2394 1423 2415 mur-mune
1435 2383 1580 2425 raucus-J

939 2436 1103 2471 Secunda
1131 2443 1182 2469 est
1211 2443 1295 2467 nota
1326 2433 1409 2467 mali
1437 2437 1553 2479 po'e'tae
1569 2446 1583 2476 ;

940 2487 1039 2534 quod
1054 2489 1091 2520 in
1104 2486 1251 2533 publico
1262 2484 1429 2520 videatur
1442 2497 1582 2532 semper

940 2541 1034 2574 solus
1045 2565 1056 2582 ‚
1073 2539 1179 2575 vultu
1198 2539 1320 2585 gravi,
1337 2539 1448 2573 immo
1466 2538 1559 2574 tristi
1570 2563 1584 2581 ‚

294 2659 335 2688 V.
356 2669 407 2690 u.
425 2660 561 2692 nameus.
577 2659 670 2693 Colb.
684 2661 726 2697 V,
738 2656 778 2690 ιιο
795 2658 883 2700 8293
895 2679 905 2697 ‚
918 2667 1051 2695 raucos,
1064 2656 1157 2688 male.
