1846 3184
443 266 545 315 EX,
572 263 1207 330 QIBRO'XII-'SATIR.
1414 280 1496 324 271

748 350 791 387 X
803 349 824 385 1
835 349 856 386 1
866 348 899 384 Ι.

209 417 284 456 Hic
301 415 497 468 strigosu’,
511 413 795 464 bovinatorque
807 441 819 459 ,
837 425 906 451 ore
923 412 1119 464 improbu’
1135 411 1251 449 duro.

761 480 803 516 X
813 479 833 514 1
841 479 890 515 V.

210 545 413 592 Crimvst,
429 550 478 582 ut
493 543 527 581 si
546 544 787 581 frumentum
805 541 984 580 clunihu’
997 549 1151 579 vannat.

782 609 825 645 X
835 609 883 644 V.

216 675 290 713 Hic
305 674 376 712 ubi
391 685 613 711 consessum
625 700 636 718 ,
656 671 857 723 pellesque
875 679 920 708 ut
939 670 981 708 in
999 669 1135 714 ordine
1152 677 1278 708 teutae.

760 737 801 774 X
811 740 846 775 V
859 738 893 774 1.

219 792 299 840 Qui
315 792 356 830 in
372 791 508 829 latrina
525 791 706 841 lacuque.

681 923 995 936 mmm

327 1035 421 1077 EX
468 1033 688 1078 LIBRO
725 1033 838 1077 XII
880 1032 1324 1077 SATIRARUM.

814 1150 847 1186 Ι.

213 1214 316 1251 Huic
334 1214 487 1251 homini
505 1216 706 1260 Quaestore
720 1213 854 1264 aliquo
872 1226 954 1251 esse
970 1226 1071 1264 opus
1085 1212 1387 1264 atque-chorago
1398 1241 1409 1259 ‚

212 1278 429 1316 Publicitus
446 1278 516 1329 qui
534 1281 590 1315 mi
608 1287 727 1329 atque
744 1278 886 1329 Episeo
903 1277 1074 1329 praebeat
1089 1291 1245 1315 aurum.

796 1345 816 1380 1
828 1344 860 1380 Ι.

212 1410 329 1446 Hunc
342 1409 437 1461 juga
454 1407 654 1446 mulorum
671 1407 826 1459 protelo
843 1407 986 1445 ducere
1002 1415 1159 1445 centum

212 1475 304 1511 Non
323 1480 499 1524 possunt.

782 1527 802 1562 I
814 1527 832 1561 Ι
844 1526 876 1565 Ι.

211 1589 391 1627 Firmiter
407 1588 484 1626 hoc
495 1618 506 1636 ‚
527 1589 748 1640 pariterque
769 1584 837 1626 tuo
856 1589 906 1626 sit
924 1597 1080 1640 pectore
1098 1589 1231 1626 fixum.

792 1655 811 1690 I
823 1655 871 1689 V.

213 1718 379 1770 Insignis
394 1717 495 1755 varis
513 1725 570 1755 est
587 1718 768 1762 cruribus
785 1725 903 1768 atque
921 1717 1063 1768 petilis.

812 1783 862 1818 V.

216 1846 371 1893 Quibus
388 1845 581 1883 fructibus
603 1859 666 1883 me
686 1846 889 1884 decollavi.

799 1913 834 1947 V
847 1912 880 1946 Ι.

214 1963 406 2000 Assensus
425 1974 513 1999 sum
531 1961 694 2000 homini.

215 2088 269 2118 13.
286 2087 328 2118 A„
350 2086 497 2124 Gellius,
514 2086 575 2117 lib.
590 2087 662 2125 XI,
676 2097 747 2129 oep.
772 2097 813 2127 7:

163 2140 463 2182 'forgiven-satorem
487 2138 703 2170 hovinacorem
723 2139 815 2170 dicit.

164 2193 296 2226 Nonius
309 2204 317 2223 :
344 2192 552 2223 Bovinatores
565 2217 577 2231 ‚
606 2203 693 2235 quos
721 2203 815 2224 nuuc

163 2247 346 2278 malitiosos
351 2253 384 2277 et
391 2247 657 2288 tergiversatores
662 2246 815 2277 dicimus.

216 2311 231 2330 ι
237 2305 269 2337 4.
280 2301 429 2349 Nonius:
438 2301 625 2331 Evannetur
632 2299 759 2340 dictum
767 2307 817 2331 est

166 2354 346 2386 ventiletur
355 2355 434 2393 ‚rvel
445 2362 620 2386 moveatur
630 2378 639 2392 ,
655 2366 674 2385 a
686 2365 796 2386 vanno
806 2376 816 2392 ,

167 2404 207 2435 in
222 2415 288 2446 qua
303 2407 471 2449 legumina
490 2408 706 2439 ventilantur.

173 2466 183 2470 ⁴
218 2457 272 2487 15.
287 2459 438 2491 Nonius:
455 2462 556 2490 Teuta
566 2483 577 2497 ,
593 2471 655 2502 pro
670 2466 815 2490 extensa.

221 2509 274 2539 16-
287 2511 431 2544 Nonius:
444 2514 581 2544 Lacr-ina
594 2524 713 2555 genere
724 2513 819 2543 femi—

112 2595 117 2602 .
172 2561 273 2600 ”3⁰⁰2
292 2570 325 2593 et
342 2571 389 2594 2⁸1
409 2566 592 2604 lavatriua,
612 2566 705 2608 quod
725 2576 818 2597 nunc

170 2613 329 2645 balneum
347 2616 481 2650 dicitur.

172 2678 258 2750 blix-
283 2669 415 2701 Nonius
434 2682 442 2701 z
462 2672 655 2713 Publicitus,
674 2684 736 2717 pro
756 2683 819 2715 pu-

221 2731 268 2751 ce.

915 2099 946 2119 α.
965 2087 1116 2119 Nonius:
1135 2089 1301 2119 Pmeelare
1323 2100 1435 2122 rursus
1458 2091 1516 2122 ad-

863 2143 991 2185 juvare.

916 2194 946 2224 3.
962 2193 1093 2224 Nonius
1108 2204 1117 2224 :
1138 2191 1308 2229 Firmiter,
1326 2204 1388 2234 pro
1410 2193 1516 2225 firme.

917 2253 948 2284 4.
983 2247 1116 2278 Nonius
1140 2258 1147 2276 :
1172 2246 1310 2276 Petilum
1345 2253 1445 2278 tenue
1483 2255 1518 2279 et

869 2300 965 2331 exile.

919 2353 949 2383 5.
967 2351 1141 2382 Diomedes
1150 2373 1159 2388 ‚
1171 2349 1229 2380 lib.
1243 2351 1279 2381 1:
1293 2351 1445 2389 DecoIIo,
1462 2353 1518 2383 de-

870 2404 985 2435 collavi
997 2416 1009 2434 :
1030 2404 1095 2435 hoc
1117 2403 1254 2434 verbum
1277 2404 1369 2446 apud
1392 2413 1520 2438 veteres

870 2458 1000 2499 decipio
1017 2456 1190 2499 siguificat.

918 2511 953 2541 6.
978 2510 1164 2541 Priscianus
1178 2533 1188 2548 ,
1209 2509 1268 2540 lib.
1285 2512 1391 2542 VIII:
1410 2513 1518 2545 Senn'o

870 2570 1029 2594 neutrum
1042 2574 1051 2594 z
1064 2574 1107 2593 ex
1116 2573 1156 2594 eo
1165 2563 1301 2594 assentio
1311 2570 1344 2594 et
1351 2564 1517 2603 assau'or,

870 2624 903 2648 et
918 2615 1066 2647 dissentio
1083 2624 1117 2648 et
1134 2617 1314 2655 dissentiet,
1328 2618 1368 2649 in
1382 2629 1451 2650 una
1464 2619 1518 2650 ei-

869 2669 1048 2713 eaidemque
1089 2670 1312 2703 inveniuntur
1348 2670 1517 2715 siguifica-

872 2730 976 2755 none.
