1846 3184
475 273 565 317 Ex
580 269 796 322 ‘ululo
823 267 995 312 XXVI
1021 266 1231 309 SATIR.
1430 262 1513 307 285

796 353 816 389 1
829 353 881 389 X.

225 426 375 475 Aggere
391 420 432 459 in
445 418 652 472 jaciendo,
671 417 704 455 si
723 429 805 468 quo
823 423 882 454 est
896 414 1020 452 vineis
1035 413 1131 451 actis
1147 423 1270 463 opus,

214 489 401 527 Primum
410 485 454 524 id
465 485 570 523 dant
567 495 758 535 ·‚operam
776 490 822 519 ut
836 493 956 532 quam
971 479 1147 531 primum
1160 474 1371 528 appellant.

818 547 871 584 X.

222 618 280 655 Ut
297 616 329 654 si
345 613 514 653 eluviem
535 613 661 650 facere
680 625 750 663 per
766 618 943 648 ventrem
959 608 1057 646 velis
1073 617 1208 647 curare
1219 632 1231 650 ,

226 679 420 750 Omnibus
438 677 607 715 distento
633 688 795 727 corpore
813 671 983 726 exspiret
1000 672 1069 710 vis.

811 741 853 778 X
865 740 899 776 1.

229 811 347 848 Curet
365 815 554 860 aegrotum
567 836 578 852 ‚
598 813 800 856 sumptum
819 802 970 840 homini
989 800 1157 852 praebeat
1168 828 1178 844 ‚

227 872 399 912 Genium
419 885 535 910 suum
555 869 759 915 defrudet,
777 867 843 906 alii
863 873 1005 918 parcat.

786 933 827 971 X
839 933 859 968 1
871 933 903 968 1.

229 1000 398 1044 Audivi,
415 1011 536 1049 quem
554 996 673 1034 febris
691 1009 792 1041 una,
811 1003 930 1046 atque
949 1006 1028 1031 una
1046 994 1190 1039 ἀπεψία,

229 1065 322 1102 Vini
333 1091 344 1110 ‚
362 1064 522 1113 inquam
534 1090 546 1108 ,
565 1061 693 1099 hiatus
710 1060 841 1112 potuit
857 1071 961 1096 unus
979 1057 1128 1096 tollere.

773 1126 812 1162 X
823 1126 875 1185 1·1
888 1123 920 1160 1.

232 1193 275 1233 Si
292 1193 547 1231 misereantur
562 1203 602 1228 se
617 1190 714 1242 ipsi,
729 1189 826 1237 vide*
838 1203 887 1228 ne
902 1188 1062 1227 illorum
1078 1200 1211 1226 caussa
1227 1187 1425 1238 superiore
1439 1185 1527 1224 loco

181 1257 440 1296 collocaverit.

791 1320 832 1356 X
842 1321 861 1356 1
869 1321 918 1356 V.

233 1388 349 1425 Nunc
372 1384 510 1423 itidem
540 1383 736 1437 populum
762 1384 881 1421 istum
907 1378 1161 1433 scriptoribus
1183 1381 1367 1460 volumus
1394 1392 1530 1430 capere

181 1452 359 1490 animum
377 1450 550 1489 illorum.
581 1499 583 1502 .

805 1501 846 1537 X
856 1502 906 1538 V.

230 1569 322 1607 Non
339 1576 380 1606 te
392 1566 687 1606 multitudinem
706 1565 866 1622 tuorum
875 1594 886 1612 ‚
903 1578 1022 1616 quam
1037 1565 1079 1602 in
1093 1563 1228 1601 album
1238 1561 1387 1612 inclyta
1400 1560 1535 1598 dextra

182 1633 339 1672 conficit
356 1632 444 1670 sibi.

792 1682 832 1719 X
840 1684 875 1720 V
886 1683 918 1718 Ι.

237 1751 367 1797 Quare
386 1749 464 1786 hoc
482 1748 610 1786 colei-'e
630 1755 690 1784 est
708 1745 828 1783 satius
839 1773 850 1791 ,
870 1758 992 1796 quam
1009 1745 1118 1782 illam
1138 1743 1315 1782 studium
1334 1754 1452 1780 omne
1468 1741 1534 1778 hic

186 1826 430 1852 consumere.

783 1864 866 1900 XV
875 1864 894 1899 I
906 1864 938 1899 1.

239 1930 434 1981 Principio
455 1929 609 1981 physici
631 1940 767 1966 omnes
786 1927 963 1974 homines
989 1926 1039 1967 ex'
1059 1925 1187 1964 anima
1204 1932 1243 1963 et
1261 1937 1424 1976 corpore
1442 1936 1536 1963 con·

187 2003 287 2033 stare
306 1995 455 2033 dicunt.
825 2039 843 2045 μ’
867 2021 872 2026 .

768 2046 850 2082 XV
858 2047 878 2082 Ι
891 2046 910 2082 Ῑ
919 2046 951 2081 Ι.

250 2138 736 2151 ...................
738 2108 1153 2154 v.....x....Redisse

235 2247 271 2278 9.
298 2235 452 2268 Nonius:
470 2235 558 2266 lacit
569 2258 581 2273 ‚
598 2234 701 2278 facit.
718 2234 812 2265 Idem
827 2245 835 2264 z
941 2242 995 2264 ια.
1014 2231 1164 2263 Nonius:
1186 2229 1329 2265 Tollere,
1345 2227 1508 2259 occidere.

188 2287 653 2328 Lacum,admotnm.1dem:
666 2288 836 2330 Apellam,
942 2286 996 2316 13.
1014 2284 1166 2317 Nonius:
1184 2281 1336 2318 Damus,
1356 2291 1419 2323 pro
1436 2291 1538 2312 accu-

193 2349 246 2374 est
261 2342 438 2384 applicare.
892 2338 1008 2369 sativo.

244 2404 297 2426 ιο.
315 2395 470 2427 Nonius:
487 2394 649 2431 llus-iem,
666 2391 841 2436 purgatio·
946 2395 999 2425 14.
1023 2388 1182 2420 Nonius:
1206 2388 1347 2428 Colere,
1367 2386 1541 2418 delectare.

195 2456 295 2483 nem-
286 2447 415 2479 Ῐᾶοιιιε
432 2448 606 2489 &spirare
623 2447 751 2481 dictum
770 2451 840 2481 est,
946 2443 1000 2473 15.
1014 2430 1163 2473 N'ouius.
1178 2441 1357 2485 Corficere,
1373 2441 1540 2484 colligere.

196 2498 252 2529 vel
271 2497 313 2529 ab
334 2500 453 2547 spiritu
472 2500 603 2538 effuso,
621 2498 673 2529 vel
693 2509 712 2529 a
735 2497 842 2539 spira·
946 2496 999 2526 16.
1019 2494 1171 2526 Nonius:
1188 2494 1315 2531 colem,
1333 2493 1480 2536 diligere.

199 2546 1349 2597 minibus.17.Nqniu³:Constqc
1372 2557 1542 2590 compon-

248 2613 303 2635 ιι.
326 2603 480 2637 Nonius:
500 2604 660 2643 Genium,
682 2602 843 2649 passimo-
895 2609 966 2634 tum
984 2608 1042 2632 est.

194 2656 295 2687 niam.
948 2652 1542 2710 18.Non.flepedc3oe,pedeitenre
