1846 3184
230 363 334 409 sitae,
352 362 404 400 ad
421 362 555 399 focum
574 358 765 398 feruntur.

280 436 328 472 V.
349 433 413 470 28.
428 432 636 475 Stemmate
653 430 761 479 quod
779 430 900 466 Tusco
903 433 930 475 .]
948 430 1012 466 An
1035 437 1190 480 oportet
1214 437 1252 467 te
1275 394 1490 480 arrogantia
1515 431 1576 469 in-

228 497 366 535 flatum
380 495 566 541 dissilire,
582 491 750 546 quod'in
767 493 902 545 aliquo
920 492 1044 532 nobili
1059 496 1187 532 Tusco
1204 501 1429 541 stemmate,
1443 494 1575 533 mille-

226 561 349 599 simus
370 573 394 598 a
416 563 557 612 magno
581 566 739 596 auctore
767 557 1004 607 numereris,
1027 566 1068 596 et
1094 571 1250 596 ramum
1271 550 1445 610 alit'juem
1462 571 1507 596 ac
1527 559 1577 596 li-

226 638 340 682 neam
350 617 603 679 suqeessionis
615 637 637 660 a
647 622 861 675 genealogo
871 623 914 660 in
926 630 1129 660 stemmate
1140 630 1366 666 numeratus
1378 623 1575 661 obtineas?

226 690 290 728 vel
302 683 345 728 'in
362 690 541 742 equitum
556 692 823 728 Romanorum
833 684 1109 740 'recognitione
1135 688 1351 726 trabeatum
1375 702 1575 727 censorem

227 754 341 793 donis
356 747 590 792 militm-ibus
606 753 766 805 insignis
784 752 952 790 salutas?
969 753 1149 803 Cognitio
1168 753 1273 794 enim
1290 752 1469 803 equitum
1488 755 1574 791 Ro·-

224 832 431 859 manornm
449 819 683 864 censoribus
709 826 789 856 erat
816 818 1011 869 subjecta,
1033 830 1122 868 (με
1147 830 1254 855 nunc
1278 817 1495 856 Consulum
1518 825 1576 856 est

226 883 358 922 officii.
618 895 620 897 ·

277 956 327 991 V.
351 955 414 1002 37.
436 954 615 990 Fer-venti
628 954 747 990 tincta
764 951 946 1003 venena]
965 951 1194 1003 Metaphora
1211 965 1235 989 a
1251 951 1360 998 lana,
1381 965 1470 1003 quae
1487 965 1575 990 cor-

226 1026 341 1069 rupta
357 1018 406 1055 ad
422 1018 630 1069 pristinum
647 1016 823 1055 colorem
842 1016 980 1054 reverti
1000 1029 1080 1054 non
1098 1022 1241 1068 potest:

278 1090 327 1126 V.
350 1081 413 1134 45.
431 1089 617 1124 inor-itum
635 1088 755 1124 verba
779 1086 946 1138 Catoni]
973 1085 1138 1132 Merito,
1160 1085 1311 1137 inquit,
1331 1085 1429 1123 mihi
1452 1085 1574 1138 lippi-

184 1168 187 1169 ’
227 1153 404 1191 tudinem
427 1152 686 1198 arcesseban,
704 1165 754 1189 ne
777 1152 932 1189 Catonis
960 1151 1248 1188 deliberativam
1271 1151 1486 1189 orationem
1509 1165 1576 1188 re-

227 1219 404 1265 citarem,
419 1227 554 1256 utrum
568 1217 780 1264 moriatur,
795 1231 845 1255 an
860 1230 961 1255 non.
975 1226 1043 1254 aut
1057 1217 1203 1268 quibus
1214 1216 1342 1282 verbis
1353 1217 1413 1254 uti
1425 1217 1575 1268 potuit,

228 1280 319 1320 cum
337 1295 378 1320 se
398 1281 607 1320 destinaret
621 1282 848 1319 interficere.

277 1355 326 1389 V.
356 1353 418 1398 48.
450 1354 557 1401 Qucd
580 1354 717 1388 dexter
742 1353 861 1389 senio.
871 1351 886 1403 ]
916 1352 1032 1390 Senio
1058 1351 1183 1403 major
1208 1350 1350 1387 missus
1368 1378 1379 1396 ‚
1402 1358 1448 1387 ut
1473 1352 1570 1388 Sce-

227 1430 275 1455 va
288 1417 324 1468 (1
333 1418 393 1468 7),
406 1417 599 1455 immerito
609 1445 620 1462 ‚
639 1416 769 1467 inquit
780 1444 791 1461 ‚
808 1416 949 1453 flebam
961 1417 1073 1462 istas,
1086 1414 1178 1453 cum
1191 1427 1344 1466 semper
1358 1414 1571 1452 laudarem.

277 1491 325 1525 V.
348 1488 412 1538 89.
434 1489 585 1537 Inspice
599 1487 741 1538 sodes.]
761 1486 882 1525 Sodes
893 1516 904 1533 ‚
919 1487 1090 1538 antiquae
1105 1486 1362 1523 affectationis
1377 1493 1455 1523 est:
1474 1486 1573 1523 adeo

225 1561 272 1590 ut
288 1553 418 1591 soluto
434 1566 483 1591 eo
500 1552 660 1604 quidam
678 1552 738 1589 usi
759 1552 857 1599 sint,
876 1560 923 1589 ut
948 1551 1129 1596 Plautus,
1152 1551 1222 1602 qui
1241 1564 1311 1602 per
1335 1550 1572 1588 solutionem

226 1618 282 1656 sic
299 1617 353 1655 ait
369 1632 378 1654 :
960 1604 961 1607 Ἴ

459 1683 523 1714 Dic
536 1671 635 1720 mihi,
651 1682 680 1712 si
692 1681 794 1712 audes
804 1703 815 1720 ‚
835 1691 909 1722 quae
921 1687 971 1711 est
984 1703 995 1720 ,
1008 1690 1108 1721 quam
1120 1680 1239 1710 ducere
1252 1679 1303 1710 vis
1315 1690 1455 1710 uxorem
1466 1680 1481 1709 ?

278 1765 327 1799 V.
346 1763 432 1798 103.
450 1763 700 1810 Tandemque
715 1760 916 1810 beatulus]
933 1759 1200 1797 Ambitionem
1216 1758 1370 1797 irridet:
1384 1772 1465 1796 non
1479 1759 1574 1809 quia

229 1826 371 1872 μάκαρες
398 1834 437 1863 et
462 1827 615 1873 μακάριοι
645 1825 830 1862 dicuntur
857 1824 1031 1869 mortui3
1059 1837 1140 1861 non
1169 1831 1229 1861 est
1253 1824 1358 1860 enim
1388 1825 1573 1860 Romanae

227 1889 543 1935 consuetudinis;
564 1889 631 1926 sed
656 1889 747 1939 quia
767 1888 937 1939 pretiosa
962 1888 1004 1925 in
1029 1887 1232 1925 funeribus
1249 1895 1354 1924 veste
1379 1886 1569 1938 stragula,

226 1954 432 2004 caeterique
447 1981 458 1999 ‚
480 1953 594 1990 etiam
615 1951 841 2003 pauperculi
856 1981 868 1998 ,
887 1951 1194 2002 exponebantur.
1212 1950 1396 1988 Beatulus
1414 1958 1545 1988 autem
1557 1980 1569 1995 ‚

227 2018 297 2068 qui
321 2030 523 2068 nunquam
549 2016 810 2067 splendidiore
836 2015 972 2052 habitu
998 2015 1097 2060 fuit;
1117 2022 1186 2051 aut
1212 2023 1339 2061 certe,
1365 2014 1458 2065 quia
1484 2016 1569 2051 Ro-

226 2093 350 2118 manae
366 2080 659 2118 consuetudinis
675 2080 750 2117 fuit
766 2079 993 2130 simpliciter
1010 2078 1187 2129 sepelire.

278 2153 327 2188 V.
354 2151 439 2188 106.
460 2152 637 2187 Hesterni
645 2178 656 2194 ,
678 2151 804 2198 capite
830 2148 994 2199 induto-J
1021 2147 1222 2193 Hesterni,
1246 2147 1323 2192 ait,
1343 2160 1364 2183 a
1383 2146 1570 2183 defuncto

226 2215 352 2267 pridie
370 2215 617 2266 manumissi,
634 2214 673 2252 id
692 2214 749 2252 est
760 2244 772 2261 ‚
789 2214 921 2252 liberti
934 2242 945 2259 ‚
963 2222 1003 2251 et
1021 2213 1114 2250 civis
1128 2213 1295 2251 Romani
1310 2211 1412 2248 facti.

279 2286 340 2323 Ib.
386 2287 521 2335 Capite
555 2286 699 2322 induto.
716 2285 731 2336 ]
765 2285 867 2331 Quia
903 2283 1129 2321 manumissi
1162 2290 1250 2318 ante
1282 2279 1572 2317 manumissoris

228 2363 368 2401 corpus
390 2350 522 2402 pileati
542 2349 787 2387 incedebant.

280 2422 329 2456 V.
353 2433 439 2457 112.
459 2422 604 2469 Populi
619 2420 738 2455 cribro
760 2420 918 2454 decussa
923 2416 1099 2466 farina-J
1120 2415 1295 2451 Farinam
1307 2442 1318 2460 ‚
1337 2427 1477 2465 panem
1491 2428 1571 2453 non

231 2482 450 2521 deliciosius
463 2484 590 2521 cribro
605 2482 823 2520 discussum
833 2508 844 2525 ‚
861 2479 929 2516 sed
946 2478 1163 2529 plebeium,
1180 2477 1230 2515 de
1248 2477 1387 2528 populi
1398 2490 1547 2516 annona
1557 2507 1569 2523 ‚

230 2545 272 2583 id
291 2555 348 2584 est
360 2575 371 2592 ‚
390 2547 558 2586 fiscalem
570 2575 581 2594 ‚
601 2547 707 2585 dicit.

776 2636 813 2648 §ss
818 2634 1024 2648 §mv-‘Bm
