1846 3184
241 292 327 336 228
493 293 542 337 C.
581 292 845 336 LUCILII
883 293 1307 338 FRAGMENTA

861 379 879 414 I
892 380 910 414 I
918 379 957 415 1.

294 443 476 480 Graecum
497 449 535 480 te
548 471 559 489 ‚
580 441 741 488 Albuti,
763 455 882 493 quam
900 444 1123 481 Romanum
1142 452 1259 495 atque
1278 444 1487 490 Sabinum,

292 506 536 558 Municipem
554 507 691 553 Ponti,
710 507 825 552 Titii,
845 508 949 545 Anni
967 509 1250 547 Centun’onum
1262 538 1273 554 ‚

293 573 573 611 Praeclarorum
593 571 800 608 hominum
813 599 824 616 ‚
844 584 888 609 ac
908 572 1149 623 primorum;
1171 574 1477 626 signiferumque

293 637 468 676 Maluisti
488 637 587 673 dici:
606 638 740 673 Graece
759 649 869 686 ergo,
886 638 1031 675 Praetor
1048 638 1209 676 Athenis
1221 668 1232 686 ‚

295 703 342 741 Id
362 702 470 754 quod
494 700 688 745 maluisti,
706 709 743 738 te
756 729 767 747 ,
788 702 880 738 cum
898 702 948 739 ad
968 716 1031 740 me
1049 703 1206 749 accedi’,
1225 704 1351 742 saluto
1367 718 1377 741 t

297 770 400 813 Χαῖρε
424 765 634 817 (inq-uam)
653 766 739 803 Tite
755 781 763 802 :
784 765 963 814 lictores,
980 776 1109 806 turma
1128 769 1261 815 omni',
1279 768 1499 820 cohorsque

297 835 401 877 Χαῖρε
413 855 424 872 ,
447 829 539 866 hinc
558 828 679 867 hostis
697 830 801 867 Muti
821 830 1008 868 Albutius
1019 859 1030 878 ‚
1047 831 1139 869 hinc
1157 833 1351 870 inimicus.

883 897 959 935 IV.

298 963 427 1007 Quam
446 959 577 1009 lepide
596 958 715 996 lexeis
733 961 972 1011 compostae?
987 969 1033 998 ut
1053 959 1249 999 tesserulae
1269 974 1424 1008 omnes,

298 1028 391 1063 Arte
404 1054 414 1073 ‚
435 1024 658 1076 pavimento
669 1052 680 1070 ‚
699 1032 817 1076 atque
836 1025 1069 1063 emblemate
1084 1024 1339 1063 vermiculato
1349 1026 1366 1061 ἰ’

901 1093 950 1128 V.

300 1158 483 1194 Crassum
501 1155 628 1193 habeo
651 1168 859 1207 generum,
876 1169 925 1193 ne
945 1155 1237 1194 rhetoricotero'
1257 1163 1301 1192 tu
1318 1155 1380 1195 sis.

886 1224 921 1259 V
931 1223 961 1258 Ι.

310 1314 880 1325 ......................
906 1285 1103 1324 Corneliu’
1123 1284 1276 1323 Pobliu'
1294 1291 1426 1322 noster

302 1352 502 1404 Scipiades
520 1351 649 1388 dictus
661 1380 672 1398 ,
690 1359 925 1402 tempusque
941 1351 1140 1402 intorquet
1156 1351 1198 1388 in
1216 1351 1346 1401 ipsum

303 1418 372 1456 Oti
388 1426 427 1455 et
442 1407 594 1454 deliciis
606 1446 616 1462 ‚
634 1417 732 1453 Luci
751 1417 911 1462 effictae‚
925 1424 1046 1468 ratque
1063 1415 1227 1453 cinaedo.

303 1485 356 1520 Et
374 1482 554 1520 sectatori
570 1481 669 1518 adeo
688 1481 761 1531 ipsi
781 1494 852 1518 suo
865 1510 875 1527 ,
897 1494 978 1531 quo
998 1482 1134 1518 rectiu'
1152 1481 1277 1526 dicas,

304 1547 393 1586 Ibat
412 1548 513 1585 forte
531 1547 697 1585 domum
716 1561 724 1583 :
746 1546 948 1597 sequimur
965 1546 1079 1583 multi
1098 1554 1215 1596 atque
1234 1545 1468 1595 frequentes.
1532 1586 1539 1593 ‚

873 1613 906 1647 V
917 1613 936 1647 Ι
951 1612 982 1647 I.

309 1681 402 1725 Quo
414 1678 576 1716 facetior
589 1677 749 1715 videare
760 1704 771 1722 ‚
789 1684 827 1713 et
846 1675 944 1713 scire
959 1674 1050 1725 plus
1069 1672 1188 1725 quam
1207 1673 1336 1711 eaeteri
1348 1702 1359 1719 ‚

307 1744 502 1783 Pertisum
520 1743 722 1781 hominem
733 1771 745 1790 ,
761 1754 841 1779 non
855 1748 1053 1792 pertesum
1071 1739 1199 1776 dicere
1215 1739 1366 1776 ferunt:

308 1812 410 1848 Nam
430 1821 566 1861 genus.

861 1861 898 1896 V
907 1861 925 1896 Ι
938 1860 957 1895 Ι
971 1860 1003 1895 Ι.

313 1926 446 1974 Quid?
466 1926 610 1964 Decius
621 1954 632 1972 ‚
648 1924 844 1963 Nuculam
857 1953 868 1970 ‚
886 1937 935 1961 an
953 1923 1151 1961 confixum
1166 1921 1224 1959 vis
1240 1921 1390 1959 facere?
1405 1919 1562 1971 inquit.-

897 1990 916 2024 1
929 1973 979 2025 Χ.

316 2059 417 2095 Nam
435 2057 467 2094 si
488 2065 533 2093 tu
552 2055 697 2092 fluctus
716 2053 921 2103 undasque
941 2066 962 2089 e
981 2053 1133 2103 gurg-ite
1152 2052 1252 2089 salso

316 2122 472 2161 Tollere
492 2120 660 2158 decreris
675 2148 686 2165 ‚
705 2126 866 2155 ventum
885 2117 992 2167 prius
1012 2117 1247 2154 Haematium
1267 2124 1311 2152 tu

314 2189 516 2232 Ventum,
537 2185 699 2235 inquam
715 2212 725 2230 ‚
747 2182 861 2220 tollas
882 2190 908 2218 t.
932 2194 965 2218 c.
985 2194 1023 2231 q.
1043 2181 1069 2217 i.
1088 2181 1115 2217 l.

917 2247 969 2282 X.

321 2321 573 2356 Armamenta
590 2322 742 2359 tamen,
758 2311 907 2349 malum
919 2339 929 2358 ,
948 2309 1034 2347 vela
1055 2308 1185 2346 omnia
1204 2320 1339 2353 servo;

319 2446 352 2480 3.
367 2444 499 2480 Cicero,
516 2441 557 2472 de
573 2440 682 2482 Finib.
694 2439 814 2470 bonor.
826 2436 886 2468 lib.
896 2438 924 2468 1.
1026 2445 1042 2474 7
1052 2458 1060 2466 .
1073 2436 1186 2464 Festus
1199 2443 1207 2463 :
1221 2430 1377 2462 Pereisum
1388 2440 1458 2461 non
1464 2437 1627 2471 pertesum

320 2506 342 2537 4
362 2506 395 2530 et
415 2499 446 2530 5.
467 2498 537 2530 Cic.
558 2497 599 2528 de
620 2498 780 2532 Oratore,
797 2493 845 2524 lib
863 2494 922 2524 111.
978 2488 1134 2520 dixerunt
1146 2486 1301 2527 Antiqui.

320 2555 355 2584 6.
385 2556 504 2583 Festus
525 2562 533 2581 :
561 2553 689 2582 Scurrae
722 2548 926 2579 vocabulum
1029 2544 1061 2574 8.
1081 2543 1196 2574 Cicero
1209 2563 1218 2578 ,
1235 2539 1293 2570 lib.
1307 2540 1338 2570 II
1349 2561 1358 2576 ‚
1374 2538 1414 2569 de
1430 2540 1580 2576 Oratore.

274 2607 412 2637 Verrius
437 2605 642 2648 ineptissime
666 2610 724 2634 aut
744 2614 787 2634 ex
811 2603 928 2634 Graeco
1029 2607 1062 2638 9.
1081 2595 1190 2628 Julius
1204 2592 1421 2630 Rufinianus,
1435 2591 1476 2622 de
1489 2591 1631 2633 Figuris.

276 2667 416 2690 tractum
450 2661 515 2697 ait,
543 2658 636 2701 quod
666 2665 717 2688 est
745 2655 926 2694 σκοοοάζειν
1032 2661 1084 2682 10.
1111 2649 1242 2681 Nonius
1260 2658 1267 2677 :
1287 2645 1476 2687 ‚inquiam
1499 2644 1630 2678 Vifflffll*

278 2715 368 2758 (lege
388 2714 567 2759 συγκυρεῖν,
580 2712 615 2758 ),
633 2718 692 2744 aut
714 2722 733 2744 a
749 2708 928 2755 sequendo.
982 2705 1105 2751 quihus
1123 2709 1275 2736 antennae
1291 2706 1459 2734 tenentur.
1494 2725 1495 2728 ,
