1846 3184
307 334 389 388 154

653 335 705 377 Α.
746 333 994 376 PERSII
1034 334 1290 377 FLACCI

361 417 599 460 Praeoeritos
618 416 802 460 meditor
825 416 1034 474 (crudum
1051 416 1355 460 Chaerestratus
1374 432 1562 478 unguem

360 493 586 538 Abrodens
605 495 665 536 ait
687 494 777 535 haec
785 493 814 551 ).
835 494 905 535 An
930 493 1048 536 siccis
1070 493 1256 536 dedecus
1278 494 1447 537 obstem

360 571 591 631 Cognatis?
611 573 680 613 An
702 586 795 613 rem
815 570 998 628 patriam
1020 586 1196 614 rumore
1215 571 1387 614 sinistro

361 649 514 690 Limen
533 647 586 689 ad
605 648 858 691 obscoenum
871 647 1066 707 frangam
1077 679 1089 701 ‚
1106 646 1211 690 dum
1221 648 1440 706 Chrysidis
1453 647 1559 690 udas
1587 652 1651 688 165

362 725 520 766 Ebrius
538 734 636 765 ante
654 724 765 765 fores
784 724 992 766 exstincta
1011 739 1110 766 cum
1131 724 1220 767 face
1240 724 1402 767 canto?

363 802 482 859 Euge
495 833 507 854 ‚
525 815 655 859 puer,
676 801 838 859 sapias:
859 800 936 843 Dis
953 800 1288 859 depellentibus,
1309 817 1464 861 agnam

305 930 371 964 dro
401 927 605 964 traducitur
617 954 626 969 ‚
648 929 676 962 si
703 927 814 962 fidem
841 928 955 963 veteri

303 983 417 1016 schol.
433 981 684 1024 adhibeamus;
699 994 809 1028 quem
817 981 954 1015 Teren·

304 1035 375 1069 tius
395 1043 542 1082 quoque
556 1060 566 1077 ‚
586 1033 779 1068 Menandri
803 1034 954 1077 sabulae,

304 1089 452 1123 mutatis
470 1097 613 1123 tantum
632 1088 839 1122 nominibus
850 1114 861 1131 ‚
875 1088 956 1122 imi-
965 1106 1007 1138 ae

304 1151 401 1177 tatus
414 1151 475 1177 est.
489 1141 624 1177 Eadem
638 1154 785 1189 quoque
799 1154 875 1176 non
890 1142 958 1176 fes-

306 1197 378 1232 tive
394 1197 512 1230 minus
526 1204 561 1230 et
579 1196 689 1230 facete
709 1197 831 1230 forsan
848 1195 957 1242 magis

306 1250 478 1297 expressit
488 1250 649 1284 comicus
663 1251 825 1285 noster-J.
834 1253 872 1282 B.
886 1253 957 1282 Μο-

304 1307 403 1343 liere,
417 1303 455 1336 in
477 1302 651 1337 comoedia
672 1299 731 1336 c'ui
755 1302 906 1336 titulus:
927 1304 957 1335 le

306 1359 406 1401 De'pic
425 1361 630 1389 Amoureux.
644 1357 687 1390 A.
699 1376 746 1381 —
755 1359 823 1388 Hoc
844 1357 957 1389 credas

299 1412 408 1455 jubeo.
445 1409 661 1443 Adolescens
700 1409 956 1444 Chaerestratus

304 1463 344 1496 in
365 1457 495 1497 amoris
515 1462 670 1497 vinculis
697 1470 860 1496 retentus
884 1474 955 1496 ser-

304 1529 394 1561 vunt
407 1517 777 1563 alloquitur.—Firtt‘re
791 1518 956 1549 dolores....

306 1572 451 1603 medicor.
462 1570 540 1604 Hoc
550 1570 632 1604 loco
641 1594 652 1612 ‚
666 1569 851 1609 remittere
866 1581 959 1602 nun-

307 1623 401 1657 tium
412 1623 595 1657 amoribus
606 1649 617 1666 ‚
633 1623 698 1670 qui
712 1631 767 1658 tot
781 1622 871 1656 mihi
883 1622 958 1656 fue·

307 1684 395 1710 runt
413 1675 583 1710 dolorum
599 1686 727 1723 causae.

358 1732 436 1764 162.
463 1733 612 1763 Crudum.
624 1756 632 1763 .
644 1755 670 1767 ,.
699 1742 835 1775 unguem
861 1731 959 1762 abro-

307 1783 424 1828 dens.]
454 1784 531 1818 Prae
566 1783 716 1830 ancipiti
743 1784 958 1830 incertoque

309 1837 458 1871 consilio
487 1836 752 1883 cogitabundus
784 1844 881 1871 totus
891 1862 900 1877 ‚
924 1843 960 1870 et

308 1902 431 1924 secum
445 1889 522 1936 ipse
534 1888 780 1924 luctabundus
790 1914 801 1932 ‚
814 1901 904 1922 num
917 1887 963 1922 ad

310 1956 388 1978 eam
402 1941 527 1977 redeat
539 1967 550 1984 ,
565 1955 609 1976 an
627 1954 704 1976 eam
718 1942 873 1976 deserat.
893 1941 935 1975 P.

360 2002 438 2037 163.
456 2004 511 2034 An
528 2003 617 2034 siccis
634 2003 770 2033 dedecus
788 2001 955 2046 obscemfl]

311 2050 342 2092 fi
357 2059 424 2096 τοῖς
443 2058 531 2102 ἐμοῖς
550 2055 706 2101 ξυΓγενέσι
727 2054 886 2100 σώφροσιν
907 2052 958 2088 σῦ-

311 2124 358 2145 σιν
369 2106 490 2149 ὄνειδος
500 2109 647 2155 περιάψω
657 2122 716 2149 ;--
724 2107 830 2138 Siccis.
840 2105 960 2139 Latini

311 2169 552 2209 temperantes
562 2160 612 2194 sic
622 2159 804 2206 appellant
813 2170 824 2201 ;
836 2165 885 2199 et,
895 2169 961 2204 per

313 2216 599 2263 oppositionem,
610 2215 691 2247 ebrii
704 2213 768 2260 qui
782 2213 961 2259 intempe-

312 2277 443 2303 rantes.
464 2267 507 2302 C.

363 2325 440 2365 164.
453 2326 506 2355 An
522 2334 590 2355 rem
598 2321 747 2366 patriam
753 2319 914 2363 frangam
921 2317 956 2363 P]

310 2377 578 2412 Patrimonium
604 2372 800 2421 dilapidem
815 2397 826 2414 ‚
850 2380 885 2407 et
910 2372 962 2405 ef-

313 2430 463 2464 fundam
487 2430 524 2463 in
551 2427 777 2463 meretricios
800 2437 937 2460 amores
948 2423 964 2456 Ρ

314 2485 486 2532 Lysiteles
501 2482 706 2518 adolescens
725 2481 786 2516 ille
802 2480 942 2527 sapiens
952 2503 963 2522 ‚

314 2539 353 2572 in
367 2539 584 2573 Trinummo
600 2535 717 2570 Plauti
733 2548 742 2568 ε

319 2634 459 2640 .....
483 2612 564 2640 Nam
577 2610 631 2650 qui
642 2610 682 2639 ab
696 2619 733 2638 eo
750 2607 835 2648 quod
850 2613 930 2637 amat
940 2629 949 2642 ‚

317 2659 417 2696 Quam
440 2659 593 2698 extemplo
613 2657 722 2687 suaviis
736 2655 887 2696 sagittatis
902 2665 967 2696 per⁴

400 2716 504 2734 cussus
519 2713 579 2741 est,
593 2705 677 2736 illico
689 2715 736 2735 res
748 2703 830 2735 foras

318 2753 445 2783 Labitur
456 2775 464 2789 ,
482 2752 611 2792 liquitur
613 2773 908 2783 ..........

1008 948 1055 954 -
1065 931 1204 960 Rumore
1221 930 1359 961 sinistro.
1371 928 1446 970 Qui
1456 931 1529 973 jam
1542 928 1587 963 de
1598 941 1656 963 me
1700 929 1703 932 ’

1008 980 1123 1023 volat3
1135 993 1230 1022 nam,
1240 980 1290 1014 ait
1300 980 1424 1015 Horat.
1433 981 1494 1015 lib.
1507 982 1537 1023 Ι,
1547 990 1608 1016 sat.
1621 995 1654 1015 2:

1012 1060 1184 1068 ......
1206 1038 1323 1068 Bonam
1344 1037 1511 1078 deperdere
1530 1038 1640 1069 famam
1648 1062 1657 1075 ,

1008 1087 1086 1116 Rem
1093 1085 1187 1126 patris
1195 1085 1468 1122 oblimare,malum
1475 1092 1540 1116 est..
1547 1087 1658 1119 .c.et1’‚

1063 1137 1144 1173 165.
1160 1140 1272 1170 Limen
1290 1139 1339 1170 ad
1347 1137 1548 1184 obscoenum]
1565 1139 1660 1172 Ante

1011 1192 1106 1227 fores
1119 1192 1270 1238 impurae
1283 1199 1321 1226 et
1332 1190 1518 1239 nflagitiosae
1532 1191 1661 1226 mulie-

1010 1247 1059 1281 ris
1070 1271 1081 1286 ,
1097 1245 1142 1280 ad
1163 1258 1271 1293 quam
1288 1239 1388 1281 velut
1402 1245 1449 1280 ad
1467 1245 1662 1292 scopulum

1010 1302 1157 1347 frangor
1171 1309 1206 1335 et
1223 1299 1491 1334 illidon—‘Dum
1505 1301 1664 1342 Chrysidis

1011 1355 1090 1386 udas
1103 1355 1209 1386 ebrius
1221 1353 1405 1397 antefores.
1419 1353 1517 1386 Du'm
1531 1364 1665 1386 comes-

1009 1415 1126 1440 satum
1153 1406 1294 1441 veniam
1326 1405 1372 1440 ad
1404 1406 1516 1440 limen
1544 1407 1663 1453 januae

1010 1459 1195 1507 Chrysidis
1211 1485 1221 1501 ‚
1243 1469 1279 1494 et
1302 1459 1354 1493 ibi
1380 1458 1426 1494 de
1452 1459 1545 1494 dura
1567 1468 1664 1494 sorte

1010 1526 1087 1547 mea
1099 1516 1458 1559 conquerar.—Uda5.
1465 1514 1547 1547 Vet.
1555 1513 1666 1547 schol.

1014 1583 1028 1596 ι
1043 1566 1141 1600 Udas
1155 1567 1250 1600 fores
1265 1566 1376 1608 dixit,
1393 1579 1481 1613 quas
1491 1575 1665 1601 amatores

1015 1637 1029 1650 u
1045 1620 1162 1654 solent
1174 1628 1364 1667 unguento
1379 1621 1431 1665 (et
1438 1619 1526 1655 vino
1539 1619 1665 1663 etiam)

1016 1691 1030 1704 ι
1045 1673 1264 1720 perfundere
1276 1699 1287 1716 ‚
1306 1682 1343 1708 et
1362 1681 1443 1707 ante
1459 1674 1607 1720 januam
1621 1671 1666 1709 il·

1017 1744 1031 1758 α
1045 1727 1165 1761 larum
1177 1734 1322 1761 noctem
1336 1725 1466 1773 vigiliis
1478 1750 1489 1767 ‚
1503 1733 1539 1759 et
1553 1734 1664 1760 cantu

1015 1797 1030 1811 ι
1045 1780 1251 1827 transigere.
1263 1796 1277 1810 ι
1295 1799 1343 1806 -
1353 1780 1521 1821 Chrysidis.
1540 1778 1667 1812 Famo-

1013 1847 1094 1869 sum
1132 1842 1293 1868 scortum
1318 1858 1329 1875 ‚
1359 1833 1462 1880 cujus
1499 1831 1668 1865 meminit
1689 1855 1694 1859 .

1016 1889 1218 1928 Athenaeus,
1225 1886 1287 1921 lib.
1294 1886 1485 1932 XI11,cap.
1493 1884 1524 1919 3.
1532 1884 1570 1918 Ρ.
1578 1885 1650 1918 etL
1657 1909 1666 1918 .

1066 1944 1146 1976 166.
1166 1935 1336 1974 &scine-ta
1356 1953 1430 1973 cum
1439 1939 1524 1983 face
1541 1938 1664 1984 canta]

1016 1996 1111 2030 Cum
1141 2002 1381 2042 pervenerant
1417 1999 1592 2027 amatores
1623 1990 1669 2033 ad

1014 2048 1106 2083 aedes
1140 2048 1337 2082 amicarum
1354 2071 1365 2088 ‚
1391 2044 1505 2080 facem
1537 2044 1670 2079 exstin-
1729 2060 1732 2062 ·

1014 2103 1171 2149 guebant
1183 2127 1193 2144 ‚
1213 2113 1260 2135 ne
1282 2093 1560 2147 agnoscerentur
1570 2124 1582 2141 ‚
1608 2106 1644 2132 et
1657 2123 1669 2140 ‚

1014 2164 1096 2190 ante
1107 2157 1252 2202 januam
1264 2179 1275 2196 ‚
1290 2162 1398 2188 nocte
1411 2165 1504 2199 saepe
1517 2152 1670 2198 integra,

1016 2209 1186 2244 amatoria
1201 2206 1580 2243 carminacantahant‘.
1595 2205 1671 2238 Ho-

1013 2269 1082 2294 rat.
1099 2260 1161 2293 lib.
1176 2259 1235 2293 III
1248 2284 1258 2301 ‚
1275 2257 1335 2292 od.
1355 2269 1411 2291 10.

1065 2315 1144 2359 167.
1177 2315 1264 2356 Euge
1277 2336 1288 2350 ,
1308 2323 1404 2354 puer.
1418 2312 1431 2355 ]
1458 2307 1670 2343 Gratulatur

1015 2368 1136 2400 Davus
1143 2363 1379 2398 Chaerestrato
1386 2361 1566 2396 *saniorem
1573 2371 1671 2393 men-

1016 2427 1088 2453 tem
1111 2429 1219 2464 quam
1244 2423 1395 2450 testatur
1406 2439 1417 2454 ‚
1439 2424 1598 2458 eumque
1625 2409 1671 2444 ad

1017 2469 1248 2520 propositum
1262 2465 1479 2502 servandum
1491 2465 1670 2499 hortatur.

1018 2526 1192 2569 —Sapias.
1213 2522 1265 2557 Ut
1286 2519 1383 2568 apud
1406 2519 1529 2553 Horat.
1556 2531 1624 2566 pro
1645 2519 1674 2551 .ςὶ

1017 2581 1135 2623 sapias.
1145 2597 1193 2603 —-
1201 2574 1259 2610 Dfs
1271 2575 1505 2619 depellentibus.
1519 2571 1671 2618 Supple,

1020 2641 1162 2668 tantum
1186 2643 1205 2665 a
1229 2638 1265 2664 te
1291 2627 1402 2663 animi
1429 2626 1608 2661 morbum.
1623 2644 1671 2650 -—

1021 2690 1150 2732 Agnam
1159 2692 1302 2730 percute.
1314 2681 1389 2724 Qui
1404 2693 1447 2715 ex
1459 2679 1596 2727 ingenti
1608 2690 1673 2725 pe-

1022 2739 1137 2776 riculo
1148 2754 1152 2757 ·
1162 2745 1318 2775 evaserat
1334 2761 1345 2780 ‚
1364 2735 1441 2770 Diis
1456 2732 1672 2771 Averruncis
