1846 3184
261 296 343 347 1621
607 298 657 339 A.
691 297 943 341 PERSII
985 298 1237 343 FLACCI

315 378 430 420 Mire
449 378 594 437 opifex
613 381 805 422 numeris
823 391 1016 423 veterum
1035 382 1272 440 primordia
1290 398 1443 426 vocum
1457 414 1469 436 ‚

313 455 460 512 Atque
485 470 649 497 marem
675 457 905 514 strepitum
929 457 1028 500 fidis
1051 458 1284 502 intendisse
1307 439 1490 514 Latinae3

314 530 419 573 Mox
434 533 611 588 juvenes
633 533 793 590 agitare
804 534 948 590 jocos,
967 546 1009 576 et
1022 567 1034 588 ,
1056 535 1212 594 pollice
1231 536 1411 579 honesto
1426 570 1438 590 ,
1588 542 1609 577 5

255 642 472 676 carminibus
483 668 493 685 ,
508 655 609 676 more
624 651 687 676 tuo
701 667 711 684 ‚
730 643 908 688 egregiam

255 708 364 730 navas
391 695 622 742 operam?—-
643 697 767 728 Tetrico
793 698 911 729 vivunt
939 698 943 701 “

257 752 331 789 tibi,
346 760 404 783 etc.
418 751 439 783 J
442 762 545 783 amne
558 749 750 795 pulsantur
763 749 907 785 chordae

257 804 400 837 citharae
430 815 447 835 a
477 801 539 835 te?
558 803 687 845 pectine
713 804 847 841 tetrico,
869 801 907 836 id

257 866 309 891 est
320 882 330 899 ‚
345 869 466 903 graves
480 868 586 889 sonos
599 855 842 890 reddente.-
851 860 908 889 Te-

257 914 354 944 tricus
372 911 409 944 in
429 910 596 956 gravibus
621 921 660 943 ac
683 909 782 943 seriis
802 922 908 956 argu-

257 964 390 999 mentis
408 972 618 1010 usurpatur.
639 963 677 996 P.

306 1019 336 1052 3.
366 1020 450 1051 Mire
480 1019 592 1062 opifex
612 1044 623 1057 ‚
651 1018 723 1063 eta]
758 1017 816 1051 Tu
846 1018 909 1064 qui

257 1063 360 1120 aeq'ue
373 1073 523 1119 peritus
551 1084 587 1106 es
615 1071 818 1105 describere
839 1071 911 1117 pri-

256 1124 395 1160 mordia
417 1137 551 1159 vocum
564 1150 575 1166 ‚
594 1132 700 1170 atque
722 1123 910 1158 intendere

257 1173 449 1226 strepitum
468 1192 604 1213 marem
617 1178 700 1212 fidis
712 1178 910 1212 Latinae.—

260 1234 382 1276 Opifex
413 1235 583 1266 intendisse
605 1234 815 1276 primordia„
843 1242 906 1266 etc.

256 1286 499 1320 Hellenismus
509 1311 519 1327 ‚
532 1298 600 1333 pro
615 1286 855 1332 peritissimus
870 1286 907 1319 in

257 1339 505 1381 intendendo,
531 1347 653 1385 etc.—
665 1342 814 1371 Veterum
839 1340 910 1383 pri-

259 1395 386 1426 mordia
399 1405 529 1425 vocum.
541 1392 610 1425 Vel
632 1390 731 1437 quod
746 1392 911 1438 antiqua-

257 1441 335 1480 rius
356 1445 467 1479 fuerit
486 1445 574 1478 Caes.
602 1445 729 1478 Bassus
742 1469 751 1485 ‚
772 1453 807 1478 et
824 1446 914 1478 anti·

260 1497 343 1546 quis
375 1497 598 1538 dictionibus
634 1510 719 1531 usus
754 1498 799 1531 sit
819 1523 828 1539 ‚
856 1498 912 1532 vel

260 1552 361 1600 quod
384 1555 550 1599 poemata
577 1551 759 1602 scripserit
777 1565 784 1585 :
805 1564 887 1585 nam
900 1577 911 1594 ‚

259 1614 342 1654 ante
359 1602 555 1651 prosaicam
570 1603 790 1645 dictionem,
809 1605 913 1650 cujus

260 1657 359 1706 apud
374 1658 518 1698 Graecos
530 1657 670 1703 primus
683 1653 914 1691 'auctorPhe-

259 1711 410 1759 recydcs
431 1711 501 1744 snit
513 1736 523 1753 ‚
539 1709 697 1744 carmina
711 1709 915 1744 condeban-

263 1776 338 1800 tur.
357 1765 589 1798 Lub.-Vec.
602 1766 701 1808 prim.
719 1777 853 1797 vocum.
869 1763 914 1798 Id

263 1827 315 1853 est
329 1843 339 1860 ‚
357 1819 532 1859 carmina,
555 1822 635 1864 quze
657 1826 739 1851 ante
762 1818 916 1851 solutam

263 1872 462 1906 orationem
475 1879 510 1904 et
524 1871 640 1904 Graeci
654 1880 688 1904 et
701 1871 820 1905 Latini
831 1871 921 1904 fuis-

265 1938 302 1959 se
321 1932 506 1958 testantur.
527 1941 541 1953 «
557 1923 620 1956 His
639 1924 777 1966 verbis,
796 1924 918 1971 inquit

267 1997 283 2010 ι
297 1978 459 2013 Turneb.
492 1977 643 2011 Advers.
679 1977 743 2010 lib.
784 1978 888 2010 XXX
906 2002 917 2019 ‚

268 2050 283 2063 ι
300 2044 379 2078 cap.
400 2044 420 2078 7
433 2056 443 2072 ‚
460 2030 651 2077 significari
664 2027 755 2076 puto
768 2031 916 2067 Bassum

269 2104 283 2117 «ι
299 2090 443 2134 poetam
456 2097 530 2118 esse
544 2084 712 2131 lyricum.
725 2084 843 2130 Lyrici
859 2097 919 2117 au-

268 2158 284 2170 «
300 2148 373 2173 tem
392 2138 512 2185 primo
533 2138 642 2170 Divos
654 2161 664 2178 ‚
684 2145 720 2170 et
745 2137 919 2170 virtutem

270 2211 285 2223 «ι
302 2193 481 2227 victorum
493 2191 532 2224 in
544 2191 650 2224 sacris
665 2190 920 2223 certaminibus

272 2264 286 2275 e«
303 2245 462 2279 carmine
487 2244 729 2285 extollebant3
750 2251 922 2289 atquelea

274 2318 287 2329 ιι
305 2307 391 2333 sunt
403 2307 553 2331 veterum
563 2299 747 2341 primordia
760 2309 892 2329 vocum,
904 2311 918 2325 ι

273 2352 359 2387 Vid.
373 2353 467 2386 infra
478 2364 554 2386 var.
567 2351 652 2384 lect.
663 2352 707 2384 A.

1009 649 1044 685 4.
1063 649 1173 689 Atque
1196 659 1318 680 marem
1338 649 1528 692 strepitum]
1547 648 1610 681 So-

960 698 1031 732 lers
1051 699 1206 734 scribere
1226 701 1318 735 forte
1339 710 1375 735 et
1393 714 1609 747 generosum

961 764 1103 797 carmen
1122 753 1276 800 lyricum
1296 755 1335 793 in
1359 767 1433 803 quo
1454 756 1608 789 heroum

960 818 1090 852 nempe
1107 814 1143 840 et
1161 807 1324 841 virorum
1347 807 1498 849 fortium
1516 821 1608 855 prae-

962 859 1054 893 clara
1078 860 1170 893 facta
1197 870 1389 896 canuntur.
1417 860 1541 896 Horat.
1564 861 1609 895 de

961 912 1047 945 Arte
1060 912 1164 946 Poet.

903 984 905 986 ·
962 981 1052 1011 Musa
1072 981 1157 1012 dedit
1174 982 1286 1013 fidibus
1303 983 1422 1021 Divos,
1439 972 1614 1026 puerosqfie

1042 1030 1183 1065 ⁸Deorum
1268 1063 1272 1069 Ι

963 1077 1001 1106 Et
1014 1077 1150 1117 pugilem
1162 1076 1310 1107 victorem
1320 1100 1329 1114 ‚
1345 1083 1377 1107 et
1388 1087 1502 1117 equum
1514 1086 1614 1109 celu-

1008 1138 1010 1141 ·
1046 1135 1129 1153 mme
1143 1124 1277 1164 primum
1288 1147 1297 1160 ‚

962 1173 1003 1202 Et
1018 1173 1167 1212 juvenum
1189 1183 1295 1209 curas,
1310 1179 1344 1202 et
1361 1166 1547 1203 liberivina
1566 1183 1618 1204 re·

1042 1219 1131 1249 ferre.
1527 1221 1563 1250 Ρ.

962 1285 1107 1316 —Fidis
1135 1284 1273 1315 Latinae.
1302 1282 1413 1329 Apud
1445 1283 1589 1318 Graecos
1604 1310 1615 1327 ‚

963 1337 1067 1385 lyrici
1080 1341 1196 1383 poetae
1210 1348 1341 1370 novem
1352 1346 1615 1381 memorantur,

966 1390 1186 1423 Stesichorus
1194 1414 1205 1430 ‚
1219 1388 1440 1423 Bacchilides
1450 1415 1461 1432 ‚
1475 1390 1597 1425 Ibicus
1608 1416 1619 1432 ‚

966 1442 1143 1477 Pindarus
1154 1466 1164 1484 ,
1179 1442 1397 1483 Simonides,
1410 1444 1596 1478 Anacreon
1606 1469 1618 1487 ,
1666 1464 1668 1466 ·

965 1497 1113 1530 Alcman
1124 1521 1134 1536 ‚
1153 1496 1289 1529 Alcaeus
1300 1520 1310 1536 ‚
1332 1504 1367 1530 et
1381 1495 1549 1543 Sappho;
1566 1507 1619 1539 at,

966 1548 1063 1596 apud
1090 1548 1256 1587 Latinos,
1276 1547 1351 1582 duo
1376 1550 1518 1583 tantum
1548 1550 1618 1584 cla-

966 1611 1119 1638 ruerunt
1129 1627 1139 1644 ‚
1154 1602 1347 1644 Horatius,
1364 1610 1400 1636 et
1415 1603 1476 1636 hic
1490 1605 1620 1639 Caesius

967 1658 1091 1691 Bassus
1103 1682 1114 1698 ‚
1128 1648 1366 1703 cujus'sermo
1380 1668 1479 1690 nunc
1492 1665 1553 1692 est.

1017 1711 1051 1745 5.
1075 1713 1156 1742 Mox
1178 1712 1312 1755 juvenes
1341 1712 1468 1755 agitare
1489 1714 1593 1756 jocos.
1606 1715 1619 1757 ]

967 1765 1057 1799 Mox
1079 1764 1193 1811 lyram
1220 1771 1319 1797 tuam
1344 1762 1390 1797 ad
1413 1763 1548 1798 leviora
1567 1777 1621 1799 ar-

969 1825 1138 1864 gumenta
1159 1815 1331 1851 intendis.
1354 1817 1438 1851 Hoec
1460 1810 1624 1865 spectant

971 1872 1016 1906 ad
1033 1871 1171 1918 ἐρῳτωιὰ
1182 1896 1193 1913 ,
1208 1871 1542 1920 quibusjuveniles
1560 1884 1622 1906 cu-

971 1937 1018 1959 rae
1035 1950 1046 1966 ‚
1070 1920 1235 1966 amores,
1259 1922 1338 1957 ludi
1369 1931 1561 1958 canuntur.
1575 1944 1623 1950 —-

970 1981 1031 2017 Et,
1044 1979 1163 2021 pollice
1176 1976 1377 2024 konest⁰.-Et
1391 1975 1524 2018 decoro
1535 1981 1624 2024 poe-

971 2039 1066 2064 mate
1097 2030 1257 2077 egregios
1286 2042 1387 2065 senes
1422 2043 1624 2078 eorumque

971 2084 1058 2117 sales
1069 2108 1078 2125 ‚
1094 2093 1129 2118 et
1143 2084 1311 2118 convivia
1325 2083 1520 2130 celebrare.
1534 2083 1626 2126 Qtrae

972 2137 1082 2183 igitur
1092 2137 1241 2170 Horatio
1253 2139 1355 2170 libera
1366 2138 1463 2175 vina,
1475 2138 1546 2171 hoc
1556 2145 1625 2179 est,

975 2190 1164 2236 συμποτικὰ
1190 2191 1383 2236 ἀςεὶσματσι
1399 2217 1408 2232 ,
1433 2199 1468 2224 et
1499 2190 1626 2226 laudes

975 2243 1055 2278 vitae
1070 2242 1189 2276 senilis
1207 2243 1284 2276 otio
1298 2251 1333 2276 et
1346 2242 1461 2288 quieti
1475 2241 1628 2276 redditae

975 2295 1221 2342 pulcherrime
1253 2295 1426 2341 expressit
1458 2294 1601 2328 Persius
1615 2320 1627 2336 ‚

976 2349 1031 2383 his
1043 2347 1161 2383 verbis
1172 2372 1182 2390 ‚
1197 2357 1239 2387 ct,
1249 2348 1524 2394 pollice-honesto,
1539 2359 1630 2392 egre·

319 2458 360 2486 V.
382 2457 411 2486 3.
433 2456 563 2485 Vocum.
587 2452 731 2484 Restitui
753 2464 796 2484 ex
817 2448 914 2484 codd.
937 2458 971 2482 et
988 2450 1084 2482 editt.
1099 2449 1267 2490 antiquis.
1288 2455 1352 2480 vet.
1374 2447 1479 2479 schol.
1503 2455 1537 2479 et
1553 2457 1630 2491 post

275 2521 351 2540 eum
374 2509 466 2540 editt.
485 2507 702 2544 recentiores,
716 2518 846 2543 rer11m‚·
862 2513 901 2537 ut
919 2506 960 2536 sit
982 2515 1096 2535 sensus
1112 2504 1216 2534 :mire
1237 2503 1351 2545 opifex
1370 2502 1541 2533 intendere
1561 2502 1630 2544 pri—

275 2561 403 2591 mordia
413 2571 539 2597 rerum,
552 2559 715 2601 originem
725 2569 834 2589 rerum
844 2557 999 2603 pandere,
1007 2557 1169 2603 θεογονίαν
1184 2563 1218 2587 et
1229 2555 1441 2601 κοσμογονίαν
1450 2555 1628 2586 celebrare.

275 2615 353 2645 Haec
366 2614 546 2655 explicatio
556 2613 667 2649 minus
678 2612 721 2642 ad
733 2623 802 2642 rem
815 2611 900 2642 mihi
911 2610 1060 2648 videtur,
1073 2618 1104 2642 et
1113 2621 1183 2641 vox
1195 2619 1302 2640 rerum
1320 2609 1499 2651 repositam
1510 2609 1633 2651 opinor

275 2666 314 2697 in
328 2666 402 2696 cod.
417 2674 481 2696 vet.
498 2665 603 2697 schol.
617 2665 659 2696 ab
673 2665 884 2696 emendatore
898 2664 1019 2703 sciolo,
1033 2664 1093 2706 qui
1106 2664 1173 2695 vim
1188 2662 1309 2705 prioris
1322 2662 1475 2692 lectionis
1488 2672 1560 2694 non
1573 2673 1631 2704 pe·
1656 2662 1661 2665 ⁴

278 2721 368 2752 nitus
382 2720 596 2764 intelligebat.
613 2721 826 2763 Quapropter
844 2719 940 2752 codd.
954 2719 1148 2754 nostrorum
1158 2716 1335 2750 lectionem
1351 2716 1468 2758 recepi.

1624 14 1628 22 .
1648 0 1760 30 enm&
1767 0 1846 59 namq
