1846 3184
956 6 966 16 Δ
1199 2 1201 4 -
1252 0 1275 10 ι.

779 20 790 27 ι
1184 0 1274 78 ι’

1105 36 1133 47 ιτ
1229 37 1234 41 “

866 65 877 75 u
1277 66 1301 80 vv

410 294 792 344 LUCILIANI
831 299 1222 346 CENTONES.
1412 307 1493 365 317

201 380 382 420 vitemus
398 382 523 420 Licini
540 383 662 420 Fauni
680 391 858 420 centusse
875 383 1030 422 misello
1041 412 1054 431 ‚

205 446 304 491 Quae
318 445 458 497 gallam
471 445 607 484 bibere
619 475 631 491 ‚
649 449 695 484 a'c
709 460 824 499 rugas
841 447 1063 486 conducere
1077 450 1223 488 ventris

203 511 318 547 Farre
333 522 511 556 aceroso,
529 509 618 548 oleo
629 538 642 556 ,
661 519 702 548 et
718 513 896 550 Cumano
910 524 1011 563 pane
1027 514 1166 564 coc'git.

203 574 342 611 Ostrea
355 573 464 612 nulla
478 573 561 611 fuat
572 603 584 621 ‚
597 587 679 613 non
696 589 871 626 purpura
887 575 997 614 nulla
1014 576 1164 624 Pelori;

202 636 461 676 Pulm0ntaria
473 665 484 683 ,
503 646 551 676 ut
568 638 727 690 intybus
737 667 749 685 ‚
767 648 836 677 aut
849 639 980 692 aliqua
995 640 1036 678 id
1050 655 1174 692 genus
1190 641 1308 681 herba
1321 673 1333 690 ‚

203 701 390 752 Asparagi
406 701 546 740 molles
557 731 568 748 ‚
589 703 654 741 fici
670 703 927 742 comedantur
944 712 984 742 et
1000 719 1108 751 uvae,

205 763 352 802 Flebile
368 778 464 816 cepe
484 766 623 812 simul,
644 767 948 819 lacrymosaeque
967 768 1104 807 ordine
1119 769 1269 816 thanac,

205 828 335 879 Etjus
354 842 589 868 maenarum:
609 832 709 880 bene
727 832 844 870 habet
857 861 868 879 ‚
888 833 948 871 sin
966 834 1140 885 mictyn's
1153 834 1235 873 haec
1250 849 1381 882 merx,

202 893 346 931 Caseus
363 893 454 932 allia
472 895 664 941 mollibit,
682 909 774 934 cum
793 897 902 948 pulte
919 897 1085 948 adipata.

203 958 240 995 Ο
256 957 410 1008 lapathe
422 987 433 1005 ‚
450 967 496 996 ut
506 959 651 1008 jactare
668 956 922 1007 necesse'est,
941 963 1113 1014 coguitu’
1132 965 1196 1001 cui
1212 965 1283 1002 sis!

204 1023 252 1058 In
271 1035 352 1072 quo
373 1022 505 1060 Laeliu'
523 1023 710 1062 clamores
728 1025 873 1077 sophos
890 1026 957 1064 ille
973 1018 1123 1065 solebat

0 1054 15 1143 f
204 1085 328 1123 Edere
344 1114 356 1132 ‚
376 1087 616 1138 compellans
634 1090 785 1140 gumias
802 1103 851 1127 ex
869 1090 1006 1128 ordine
1022 1101 1199 1131 nostros:

206 1151 243 1186 Ο
259 1149 395 1196 Publi,
417 1150 442 1187 ὃ
456 1164 597 1203 gurges
614 1153 794 1191 Galloni!
815 1167 857 1191 es
876 1154 997 1193 homo
1014 1157 1150 1204 miser,
1166 1158 1315 1209 inquit,

206 1214 374 1251 Coenasti
390 1214 431 1252 in
445 1215 525 1252 vita
540 1229 742 1268 nunquam
757 1218 857 1256 bene
870 1247 881 1264 ‚
902 1219 994 1257 cum
1012 1222 1141 1259 omnia
1159 1222 1200 1260 iu
1217 1223 1292 1260 isto

203 1277 411 1315 Consumis
421 1307 433 1325 ,
453 1279 596 1330 squilla
607 1309 619 1327 ,
638 1282 860 1332 acipensere
875 1296 969 1322 cum
984 1284 1216 1325 decumano.

206 1341 343 1379 Laeliu'
363 1342 546 1393 praeclare
559 1372 571 1390 ‚
591 1353 631 1383 et
646 1355 751 1384 recte
773 1350 887 1394 σοφὸς,
906 1348 1053 1400 illaque
1066 1363 1168 1388 vere.

206 1406 402 1444 Occidunt
414 1436 425 1454 ,
448 1410 559 1458 Lupe
571 1437 583 1455 ,
599 1410 771 1460 saperdae
793 1420 831 1449 te
851 1420 891 1449 et
906 1413 995 1461 jura
1012 1413 1123 1452 siluri
1136 1442 1149 1459 ‚

207 1470 369 1509 Sumina
383 1479 423 1509 te
437 1479 556 1523 atque
572 1474 684 1512 amiae
697 1503 709 1520 ‚
726 1475 832 1512 turdi
849 1484 888 1514 te
897 1497 913 1525 ‚·
927 1484 967 1514 et
980 1478 1107 1521 viscus
1120 1480 1314 1530 aprinum.

207 1854 335 1890 Macte
353 1855 643 1904 proin-virtute,
663 1857 860 1909 simulque
878 1859 939 1897 his
952 1862 1128 1900 versibus
1145 1871 1241 1902 esto.

210 1916 278 1953 Sin
298 1916 469 1968 laqueis,
489 1920 673 1967 manicis,
690 1922 838 1972 pedicis
855 1938 966 1963 mens
987 1926 1133 1964 irretita
1152 1936 1211 1965 est
1225 1956 1236 1973 ,

210 1981 345 2019 Nolito
363 1982 436 2020 tibi
454 1997 517 2021 me
536 1985 769 2024 maledicere
786 2001 899 2038 posse
916 1998 1067 2040 putare.

210 2045 279 2082 Vis
296 2054 354 2083 est
370 2047 448 2084 vita
467 2048 626 2099 (vides)
645 2059 733 2101 quae
751 2065 823 2090 nos
841 2053 966 2092 facere
984 2056 1115 2093 omnia
1133 2057 1249 2107 cogit.

210 2109 275 2147 Sic
295 2110 519 2161 singillatim
536 2116 714 2152 nostrum
731 2118 1001 2169 unusquisque
1019 2129 1198 2158 movetur
1214 2136 1224 2158 ε

209 2174 383 2211 Neminis
403 2175 559 2226 ingenio
578 2191 818 2231 quemquam
836 2183 1030 2222 confidere
1049 2193 1216 2235 oportet.

210 2237 334 2275 Sicuti
352 2246 412 2284 te,
430 2253 550 2291 quem
567 2255 680 2294 aeque
700 2246 870 2295 speciem
888 2247 976 2285 vitae
994 2261 1076 2286 esse
1093 2257 1277 2299 putamus
1291 2279 1301 2294 ‚

211 2302 396 2353 Corporis
415 2317 437 2340 e
457 2304 575 2356 signis
592 2307 722 2346 animo
740 2318 924 2360 aegrotare
941 2311 1120 2348 videmus
1133 2340 1144 2357 ,

210 2367 291 2402 Nec
306 2379 420 2416 posse
437 2367 642 2416 infamem,
661 2379 895 2424 turpemque
911 2374 1038 2411 odisse
1053 2376 1249 2425 popinam.

213 2428 291 2465 Sed
305 2438 434 2468 tamen
452 2431 527 2470 hoc
543 2433 648 2471 dicas
663 2450 672 2471 :
692 2436 889 2481 Quidnam
905 2446 962 2474 est
972 2467 983 2483 ,
1004 2438 1035 2474 si
1052 2453 1158 2476 nenu
1174 2441 1382 2481 molestum
1396 2452 1453 2482 est
1464 2473 1476 2490 ‚

213 2494 397 2538 Quamvis
420 2495 599 2534 desubito
618 2497 728 2535 trinis
746 2499 939 2538 deducere
957 2502 1069 2539 scalis
1080 2504 1097 2539 Ξ)

214 2555 321 2601 Quid
334 2564 377 2592 tu
393 2557 492 2596 istuc
507 2573 636 2607 curas,
654 2561 724 2598 ubi
743 2575 815 2613 ego
831 2563 983 2602 oblinar
997 2574 1114 2617 atque
1127 2568 1282 2607 voluter
1293 2572 1310 2607 Ξ·

213 2621 332 2658 Serus
350 2620 442 2660 cum
455 2635 476 2661 e
495 2625 627 2664 medio
644 2625 769 2664 lustro
783 2654 794 2673 ‚
812 2640 857 2665 ac
874 2629 973 2666 bene
989 2633 1098 2681 potu’
1112 2635 1259 2671 recesti.

407 1572 412 1574 .
783 1541 801 1576 1
815 1541 835 1576 Ι
845 1542 877 1577 1.

0 1555 23 1704 ξ
206 1597 386 1636 Firmiter
398 1598 475 1637 hoc
488 1629 500 1646 ,
520 1601 771 1654 probiterque
787 1612 857 1641 tuo
875 1605 907 1641 si
924 1613 1079 1656 pectore
1096 1607 1216 1645 fixum
1228 1637 1239 1654 ‚

11 1707 13 1711 ,
204 1661 353 1713 Ejicere
367 1663 488 1701 istum
503 1666 573 1702 abs
590 1674 628 1703 te
646 1668 938 1718 quamprimum
948 1697 959 1714 ,
975 1675 1014 1706 et
1031 1671 1193 1720 perdere
1208 1685 1381 1711 amorem
1395 1688 1407 1720 ;

0 1714 15 1789 ²5
207 1725 383 1763 Vicimus
396 1756 408 1773 ‚
428 1730 453 1764 ὀ
472 1730 651 1775 εοείἰ,,ει”
664 1743 843 1781 maguam
861 1733 1111 1783 pugnavimu'
1130 1749 1302 1787 pugnam
1318 1752 1328 1774 :

0 1791 17 1835 ξ,
208 1788 451 1840 Virtutisque
469 1799 546 1828 tuae
565 1791 648 1830 haec
665 1806 757 1844 ergo
775 1805 1027 1833 monumenta
1044 1797 1230 1837 locamus.

0 1838 17 1875 ἐγ

0 1894 9 1915 l·

0 2532 4 2541 -
5 2518 10 2523 .
0 2423 17 2509 -t-ffvu
0 2254 15 2406 μιν-,ἣμερα
0 2235 11 2243 ι
0 2202 14 2226 ’,4
7 2175 13 2191 ,Α
