<?xml version="1.0" encoding="UTF-8"?>
<!DOCTYPE html PUBLIC "-//W3C//DTD XHTML 1.0 Transitional//EN"
    "http://www.w3.org/TR/xhtml1/DTD/xhtml1-transitional.dtd">
<html xmlns="http://www.w3.org/1999/xhtml" xml:lang="en" lang="en">
 <head>
  <title>
</title>
<meta http-equiv="Content-Type" content="text/html;charset=utf-8" />
  <meta name='ocr-system' content='tesseract 3.04.00' />
  <meta name='ocr-capabilities' content='ocr_page ocr_carea ocr_par ocr_line ocrx_word'/>
</head>
<body>
  <div class='ocr_page' id='page_1' title='image "./satiraeadcodice00persuoft_0299.png"; bbox 0 0 1846 3184; ppageno 0'>
   <div class='ocr_carea' id='block_1_1' title="bbox 0 0 310 143">
    <p class='ocr_par' dir='ltr' id='par_1_1' title="bbox 0 0 310 143">
     <span class='ocr_line' id='line_1_1' title="bbox 0 0 310 143; baseline 0 3041"><span class='ocrx_word' id='word_1_1' title='bbox 0 0 310 143; x_wconf 95' lang='lat' dir='ltr'><strong> </strong></span> 
     </span>
    </p>
   </div>
   <div class='ocr_carea' id='block_1_2' title="bbox 249 123 1554 1857">
    <p class='ocr_par' dir='ltr' id='par_1_2' title="bbox 249 123 1554 1857">
     <span class='ocr_line' id='line_1_2' title="bbox 1275 123 1313 150; baseline 0 0"><span class='ocrx_word' id='word_1_2' title='bbox 1275 123 1313 150; x_wconf 59' lang='lat' dir='ltr'><strong>&gt;o</strong></span> 
     </span>
     <span class='ocr_line' id='line_1_3' title="bbox 523 296 1543 364; baseline -0.001 -13"><span class='ocrx_word' id='word_1_3' title='bbox 523 307 614 351; x_wconf 80' lang='lat' dir='ltr'><strong>Ex</strong></span> <span class='ocrx_word' id='word_1_4' title='bbox 647 296 866 350; x_wconf 74' lang='lat' dir='ltr'><strong>Lumo·</strong></span> <span class='ocrx_word' id='word_1_5' title='bbox 891 296 960 349; x_wconf 75' lang='lat' dir='ltr'><strong>v‘1</strong></span> <span class='ocrx_word' id='word_1_6' title='bbox 996 305 1207 349; x_wconf 65' lang='lat' dir='ltr'><strong>snm</strong></span> <span class='ocrx_word' id='word_1_7' title='bbox 1453 306 1543 364; x_wconf 78' lang='lat'><strong>259</strong></span> 
     </span>
     <span class='ocr_line' id='line_1_4' title="bbox 820 383 1554 428; baseline -0.012 0"><span class='ocrx_word' id='word_1_8' title='bbox 820 390 860 428; x_wconf 87' lang='lat' dir='ltr'><strong>X</strong></span> <span class='ocrx_word' id='word_1_9' title='bbox 872 391 906 428; x_wconf 92' lang='lat'><strong>1.</strong></span> <span class='ocrx_word' id='word_1_10' title='bbox 1380 383 1392 392; x_wconf 61' lang='lat'>⁸</span> <span class='ocrx_word' id='word_1_11' title='bbox 1544 410 1554 419; x_wconf 87' lang='lat'><strong><em>.</em></strong></span> 
     </span>
     <span class='ocr_line' id='line_1_5' title="bbox 249 453 1154 505; baseline -0.007 -9"><span class='ocrx_word' id='word_1_12' title='bbox 249 458 297 496; x_wconf 92' lang='lat' dir='ltr'><strong>1d</strong></span> <span class='ocrx_word' id='word_1_13' title='bbox 312 456 440 496; x_wconf 82' lang='lat' dir='ltr'><strong>solum</strong></span> <span class='ocrx_word' id='word_1_14' title='bbox 457 455 626 493; x_wconf 84' lang='lat' dir='ltr'><strong>adversae</strong></span> <span class='ocrx_word' id='word_1_15' title='bbox 646 454 813 493; x_wconf 83' lang='lat' dir='ltr'><strong>fortunae</strong></span> <span class='ocrx_word' id='word_1_16' title='bbox 823 483 835 500; x_wconf 83' lang='lat'>‚</span> <span class='ocrx_word' id='word_1_17' title='bbox 851 453 987 505; x_wconf 85' lang='lat' dir='ltr'><strong>reique</strong></span> <span class='ocrx_word' id='word_1_18' title='bbox 1002 454 1154 491; x_wconf 80' lang='lat' dir='ltr'><strong>resistit.</strong></span> 
     </span>
     <span class='ocr_line' id='line_1_6' title="bbox 805 520 923 556; baseline 0 0"><span class='ocrx_word' id='word_1_19' title='bbox 805 521 845 556; x_wconf 88' lang='lat' dir='ltr'><strong>X</strong></span> <span class='ocrx_word' id='word_1_20' title='bbox 859 521 878 556; x_wconf 94' lang='lat'>1</span> <span class='ocrx_word' id='word_1_21' title='bbox 889 520 923 556; x_wconf 84' lang='grc' dir='ltr'><strong>Ι.</strong></span> 
     </span>
     <span class='ocr_line' id='line_1_7' title="bbox 249 582 1069 635; baseline -0.007 -10"><span class='ocrx_word' id='word_1_22' title='bbox 249 588 409 625; x_wconf 77' lang='lat' dir='ltr'><strong>Hortare</strong></span> <span class='ocrx_word' id='word_1_23' title='bbox 427 585 590 623; x_wconf 84' lang='lat' dir='ltr'><strong>illorum</strong></span> <span class='ocrx_word' id='word_1_24' title='bbox 609 584 641 622; x_wconf 86' lang='lat' dir='ltr'><strong>si</strong></span> <span class='ocrx_word' id='word_1_25' title='bbox 658 583 806 634; x_wconf 83' lang='lat' dir='ltr'><strong>possim</strong></span> <span class='ocrx_word' id='word_1_26' title='bbox 825 585 912 635; x_wconf 86' lang='lat' dir='ltr'><strong>capi</strong></span> <span class='ocrx_word' id='word_1_27' title='bbox 930 582 1069 621; x_wconf 84' lang='lat' dir='ltr'><strong>sortiri.</strong></span> 
     </span>
     <span class='ocr_line' id='line_1_8' title="bbox 796 649 944 685; baseline -0.007 0"><span class='ocrx_word' id='word_1_28' title='bbox 796 649 836 685; x_wconf 91' lang='lat' dir='ltr'><strong>X</strong></span> <span class='ocrx_word' id='word_1_29' title='bbox 850 649 868 684; x_wconf 87' lang='grc' dir='ltr'>Ι</span> <span class='ocrx_word' id='word_1_30' title='bbox 882 649 901 684; x_wconf 93' lang='grc' dir='ltr'>Ι</span> <span class='ocrx_word' id='word_1_31' title='bbox 912 649 944 684; x_wconf 90' lang='grc' dir='ltr'><strong>Ῑ.</strong></span> 
     </span>
     <span class='ocr_line' id='line_1_9' title="bbox 250 711 1095 765; baseline -0.007 -11"><span class='ocrx_word' id='word_1_32' title='bbox 250 718 342 757; x_wconf 73' lang='lat' dir='ltr'><strong>Tres</strong></span> <span class='ocrx_word' id='word_1_33' title='bbox 359 729 382 753; x_wconf 87' lang='lat' dir='ltr'>a</span> <span class='ocrx_word' id='word_1_34' title='bbox 396 713 633 753; x_wconf 83' lang='lat' dir='ltr'><strong>Deucalione</strong></span> <span class='ocrx_word' id='word_1_35' title='bbox 647 712 797 765; x_wconf 84' lang='lat' dir='ltr'>grabati</span> <span class='ocrx_word' id='word_1_36' title='bbox 810 711 970 750; x_wconf 86' lang='lat' dir='ltr'><strong>restibu&#39;</strong></span> <span class='ocrx_word' id='word_1_37' title='bbox 986 711 1095 749; x_wconf 89' lang='lat' dir='ltr'><strong>tenti.</strong></span> 
     </span>
     <span class='ocr_line' id='line_1_10' title="bbox 802 779 930 815; baseline -0.016 0"><span class='ocrx_word' id='word_1_38' title='bbox 802 779 841 815; x_wconf 89' lang='lat' dir='ltr'>X</span> <span class='ocrx_word' id='word_1_39' title='bbox 854 779 873 813; x_wconf 96' lang='lat' dir='ltr'>I</span> <span class='ocrx_word' id='word_1_40' title='bbox 884 779 930 814; x_wconf 90' lang='lat' dir='ltr'><strong>V.</strong></span> 
     </span>
     <span class='ocr_line' id='line_1_11' title="bbox 249 839 1400 896; baseline -0.004 -13"><span class='ocrx_word' id='word_1_41' title='bbox 249 845 386 886; x_wconf 83' lang='lat' dir='ltr'><strong>Pluma</strong></span> <span class='ocrx_word' id='word_1_42' title='bbox 401 853 518 896; x_wconf 87' lang='lat' dir='ltr'><strong>atque</strong></span> <span class='ocrx_word' id='word_1_43' title='bbox 536 842 781 894; x_wconf 80' lang='lat' dir='ltr'><strong>Amphitapae</strong></span> <span class='ocrx_word' id='word_1_44' title='bbox 793 871 804 888; x_wconf 91' lang='lat'>,</span> <span class='ocrx_word' id='word_1_45' title='bbox 822 850 861 879; x_wconf 88' lang='lat' dir='ltr'><strong>et</strong></span> <span class='ocrx_word' id='word_1_46' title='bbox 876 842 909 879; x_wconf 86' lang='lat' dir='ltr'><strong>si</strong></span> <span class='ocrx_word' id='word_1_47' title='bbox 925 840 1033 878; x_wconf 86' lang='lat' dir='ltr'><strong>aliud</strong></span> <span class='ocrx_word' id='word_1_48' title='bbox 1051 840 1148 891; x_wconf 88' lang='lat' dir='ltr'><strong>quid</strong></span> <span class='ocrx_word' id='word_1_49' title='bbox 1163 839 1400 879; x_wconf 82' lang='lat' dir='ltr'><strong>deliciarum.</strong></span> 
     </span>
     <span class='ocr_line' id='line_1_12' title="bbox 824 907 920 943; baseline -0.01 0"><span class='ocrx_word' id='word_1_50' title='bbox 824 907 864 943; x_wconf 88' lang='lat' dir='ltr'>X</span> <span class='ocrx_word' id='word_1_51' title='bbox 873 907 920 943; x_wconf 87' lang='lat' dir='ltr'><strong>V.</strong></span> 
     </span>
     <span class='ocr_line' id='line_1_13' title="bbox 251 969 1180 1026; baseline -0.006 -13"><span class='ocrx_word' id='word_1_52' title='bbox 251 974 430 1013; x_wconf 84' lang='lat' dir='ltr'><strong>Zonatim</strong></span> <span class='ocrx_word' id='word_1_53' title='bbox 448 973 549 1010; x_wconf 85' lang='lat' dir='ltr'><strong>circa</strong></span> <span class='ocrx_word' id='word_1_54' title='bbox 567 970 800 1023; x_wconf 85' lang='lat' dir='ltr'><strong>impluv&#39;rum</strong></span> <span class='ocrx_word' id='word_1_55' title='bbox 819 970 994 1026; x_wconf 84' lang='lat' dir='ltr'><strong>cinerari’</strong></span> <span class='ocrx_word' id='word_1_56' title='bbox 1014 969 1180 1008; x_wconf 85' lang='lat' dir='ltr'><strong>cluebat.</strong></span> 
     </span>
     <span class='ocr_line' id='line_1_14' title="bbox 806 1036 930 1072; baseline -0.008 0"><span class='ocrx_word' id='word_1_57' title='bbox 806 1036 846 1072; x_wconf 87' lang='lat' dir='ltr'>X</span> <span class='ocrx_word' id='word_1_58' title='bbox 855 1037 890 1071; x_wconf 86' lang='lat' dir='ltr'><strong>V</strong></span> <span class='ocrx_word' id='word_1_59' title='bbox 898 1036 930 1072; x_wconf 93' lang='grc' dir='ltr'><strong>Ι.</strong></span> 
     </span>
     <span class='ocr_line' id='line_1_15' title="bbox 252 1098 1228 1153; baseline -0.005 -12"><span class='ocrx_word' id='word_1_60' title='bbox 252 1104 336 1141; x_wconf 89' lang='lat' dir='ltr'><strong>Hoc</strong></span> <span class='ocrx_word' id='word_1_61' title='bbox 354 1111 398 1140; x_wconf 85' lang='lat' dir='ltr'><strong>tu</strong></span> <span class='ocrx_word' id='word_1_62' title='bbox 416 1110 503 1153; x_wconf 85' lang='lat' dir='ltr'>apte</span> <span class='ocrx_word' id='word_1_63' title='bbox 514 1130 525 1148; x_wconf 92' lang='lat'>‚</span> <span class='ocrx_word' id='word_1_64' title='bbox 541 1101 664 1139; x_wconf 85' lang='lat' dir='ltr'><strong>credit</strong></span> <span class='ocrx_word' id='word_1_65' title='bbox 679 1112 905 1152; x_wconf 84' lang='lat' dir='ltr'><strong>quanquam</strong></span> <span class='ocrx_word' id='word_1_66' title='bbox 922 1098 1060 1137; x_wconf 80' lang='lat' dir='ltr'>latrina</span> <span class='ocrx_word' id='word_1_67' title='bbox 1074 1099 1228 1150; x_wconf 80' lang='lat' dir='ltr'><strong>petisse.</strong></span> 
     </span>
     <span class='ocr_line' id='line_1_16' title="bbox 789 1164 945 1200; baseline 0 0"><span class='ocrx_word' id='word_1_68' title='bbox 789 1164 830 1200; x_wconf 90' lang='lat' dir='ltr'><strong>X</strong></span> <span class='ocrx_word' id='word_1_69' title='bbox 838 1165 874 1200; x_wconf 85' lang='lat' dir='ltr'><strong>V</strong></span> <span class='ocrx_word' id='word_1_70' title='bbox 882 1165 901 1200; x_wconf 93' lang='lat'>1</span> <span class='ocrx_word' id='word_1_71' title='bbox 913 1165 945 1200; x_wconf 89' lang='lat'><strong>1.</strong></span> 
     </span>
     <span class='ocr_line' id='line_1_17' title="bbox 255 1227 1258 1282; baseline -0.003 -12"><span class='ocrx_word' id='word_1_72' title='bbox 255 1232 426 1270; x_wconf 82' lang='lat' dir='ltr'><strong>Pretium</strong></span> <span class='ocrx_word' id='word_1_73' title='bbox 444 1231 558 1276; x_wconf 88' lang='lat' dir='ltr'><strong>emit,</strong></span> <span class='ocrx_word' id='word_1_74' title='bbox 581 1230 651 1282; x_wconf 92' lang='lat' dir='ltr'><strong>qui</strong></span> <span class='ocrx_word' id='word_1_75' title='bbox 666 1228 799 1267; x_wconf 85' lang='lat' dir='ltr'><strong>vendit</strong></span> <span class='ocrx_word' id='word_1_76' title='bbox 817 1241 966 1279; x_wconf 86' lang='lat' dir='ltr'><strong>equum</strong></span> <span class='ocrx_word' id='word_1_77' title='bbox 984 1227 1258 1267; x_wconf 83' lang='lat' dir='ltr'><strong>musimonem.</strong></span> 
     </span>
     <span class='ocr_line' id='line_1_18' title="bbox 773 1293 958 1330; baseline -0.011 0"><span class='ocrx_word' id='word_1_78' title='bbox 773 1294 812 1330; x_wconf 89' lang='lat' dir='ltr'><strong>X</strong></span> <span class='ocrx_word' id='word_1_79' title='bbox 820 1295 855 1330; x_wconf 89' lang='lat' dir='ltr'><strong>V</strong></span> <span class='ocrx_word' id='word_1_80' title='bbox 866 1293 885 1328; x_wconf 95' lang='lat' dir='ltr'>I</span> <span class='ocrx_word' id='word_1_81' title='bbox 896 1293 915 1328; x_wconf 92' lang='grc' dir='ltr'>Ι</span> <span class='ocrx_word' id='word_1_82' title='bbox 927 1294 958 1328; x_wconf 90' lang='grc' dir='ltr'><strong>Ι.</strong></span> 
     </span>
     <span class='ocr_line' id='line_1_19' title="bbox 256 1356 1226 1410; baseline -0.006 -11"><span class='ocrx_word' id='word_1_83' title='bbox 256 1362 375 1399; x_wconf 89' lang='lat' dir='ltr'><strong>Suam</strong></span> <span class='ocrx_word' id='word_1_84' title='bbox 394 1360 498 1398; x_wconf 86' lang='lat' dir='ltr'><strong>enim</strong></span> <span class='ocrx_word' id='word_1_85' title='bbox 515 1358 693 1397; x_wconf 85' lang='lat' dir='ltr'><strong>invadere</strong></span> <span class='ocrx_word' id='word_1_86' title='bbox 710 1366 828 1410; x_wconf 74' lang='lat' dir='ltr'><strong>atque</strong></span> <span class='ocrx_word' id='word_1_87' title='bbox 845 1356 1036 1395; x_wconf 84' lang='lat' dir='ltr'><strong>innubere</strong></span> <span class='ocrx_word' id='word_1_88' title='bbox 1055 1364 1226 1394; x_wconf 88' lang='lat' dir='ltr'><strong>censent.</strong></span> 
     </span>
     <span class='ocr_line' id='line_1_20' title="bbox 807 1423 943 1460; baseline -0.015 0"><span class='ocrx_word' id='word_1_89' title='bbox 807 1424 848 1460; x_wconf 89' lang='lat' dir='ltr'><strong>X</strong></span> <span class='ocrx_word' id='word_1_90' title='bbox 859 1423 879 1458; x_wconf 95' lang='lat' dir='ltr'>I</span> <span class='ocrx_word' id='word_1_91' title='bbox 890 1423 943 1459; x_wconf 84' lang='lat' dir='ltr'><strong>X.</strong></span> 
     </span>
     <span class='ocr_line' id='line_1_21' title="bbox 260 1485 1380 1545; baseline -0.003 -19"><span class='ocrx_word' id='word_1_92' title='bbox 260 1515 636 1526; x_wconf 89' lang='grc'><strong>...............</strong></span> <span class='ocrx_word' id='word_1_93' title='bbox 645 1515 663 1545; x_wconf 18' lang='grc' dir='ltr'><strong>Δ.</strong></span> <span class='ocrx_word' id='word_1_94' title='bbox 683 1487 773 1524; x_wconf 86' lang='lat' dir='ltr'><strong>Non</strong></span> <span class='ocrx_word' id='word_1_95' title='bbox 791 1493 830 1524; x_wconf 89' lang='lat' dir='ltr'><strong>te</strong></span> <span class='ocrx_word' id='word_1_96' title='bbox 846 1498 963 1537; x_wconf 87' lang='lat' dir='ltr'><strong>porro</strong></span> <span class='ocrx_word' id='word_1_97' title='bbox 981 1485 1192 1536; x_wconf 87' lang='lat' dir='ltr'><strong>procedere</strong></span> <span class='ocrx_word' id='word_1_98' title='bbox 1206 1494 1380 1537; x_wconf 87' lang='lat' dir='ltr'><strong>porcent.</strong></span> 
     </span>
     <span class='ocr_line' id='line_1_22' title="bbox 811 1552 912 1588; baseline -0.01 0"><span class='ocrx_word' id='word_1_99' title='bbox 811 1552 851 1588; x_wconf 89' lang='lat' dir='ltr'><strong>X</strong></span> <span class='ocrx_word' id='word_1_100' title='bbox 861 1552 912 1588; x_wconf 91' lang='lat' dir='ltr'><strong>X.</strong></span> 
     </span>
     <span class='ocr_line' id='line_1_23' title="bbox 262 1614 1148 1662; baseline -0.005 -7"><span class='ocrx_word' id='word_1_101' title='bbox 262 1643 799 1655; x_wconf 90' lang='grc'><strong>.....................</strong></span> <span class='ocrx_word' id='word_1_102' title='bbox 826 1614 979 1654; x_wconf 82' lang='lat' dir='ltr'><strong>Salvere</strong></span> <span class='ocrx_word' id='word_1_103' title='bbox 995 1615 1148 1662; x_wconf 86' lang='lat' dir='ltr'><strong>jubere.</strong></span> 
     </span>
     <span class='ocr_line' id='line_1_24' title="bbox 789 1680 922 1715; baseline -0.008 0"><span class='ocrx_word' id='word_1_104' title='bbox 789 1680 829 1715; x_wconf 89' lang='lat' dir='ltr'><strong>X</strong></span> <span class='ocrx_word' id='word_1_105' title='bbox 841 1680 879 1715; x_wconf 90' lang='lat' dir='ltr'><strong>X</strong></span> <span class='ocrx_word' id='word_1_106' title='bbox 891 1680 922 1715; x_wconf 87' lang='grc' dir='ltr'><strong>Ι.</strong></span> 
     </span>
     <span class='ocr_line' id='line_1_25' title="bbox 252 1744 754 1784; baseline -0.01 1"><span class='ocrx_word' id='word_1_107' title='bbox 252 1749 350 1784; x_wconf 87' lang='lat' dir='ltr'><strong>Date</strong></span> <span class='ocrx_word' id='word_1_108' title='bbox 366 1745 501 1783; x_wconf 88' lang='lat' dir='ltr'><strong>bibere</strong></span> <span class='ocrx_word' id='word_1_109' title='bbox 518 1744 568 1782; x_wconf 90' lang='lat' dir='ltr'><strong>ab</strong></span> <span class='ocrx_word' id='word_1_110' title='bbox 589 1756 754 1781; x_wconf 86' lang='lat' dir='ltr'><strong>summo.</strong></span> 
     </span>
     <span class='ocr_line' id='line_1_26' title="bbox 790 1808 952 1857; baseline -0.006 -14"><span class='ocrx_word' id='word_1_111' title='bbox 790 1808 829 1843; x_wconf 90' lang='lat' dir='ltr'><strong>X</strong></span> <span class='ocrx_word' id='word_1_112' title='bbox 840 1808 880 1844; x_wconf 89' lang='lat' dir='ltr'><strong>X</strong></span> <span class='ocrx_word' id='word_1_113' title='bbox 891 1808 952 1857; x_wconf 63' lang='lat'><strong>11.</strong></span> 
     </span>
    </p>
   </div>
   <div class='ocr_carea' id='block_1_3' title="bbox 253 1873 694 1912">
    <p class='ocr_par' dir='ltr' id='par_1_3' title="bbox 253 1873 694 1912">
     <span class='ocr_line' id='line_1_27' title="bbox 253 1873 694 1912; baseline -0.011 0"><span class='ocrx_word' id='word_1_114' title='bbox 253 1873 522 1912; x_wconf 83' lang='lat' dir='ltr'><strong>Sardinensem</strong></span> <span class='ocrx_word' id='word_1_115' title='bbox 543 1879 694 1908; x_wconf 81' lang='lat' dir='ltr'><strong>terram.</strong></span> 
     </span>
    </p>
   </div>
   <div class='ocr_carea' id='block_1_4' title="bbox 200 1995 847 2671">
    <p class='ocr_par' dir='ltr' id='par_1_4' title="bbox 201 1995 847 2145">
     <span class='ocr_line' id='line_1_28' title="bbox 251 1995 847 2036; baseline -0.005 -8"><span class='ocrx_word' id='word_1_116' title='bbox 251 2009 306 2028; x_wconf 85' lang='lat'><strong>11.</strong></span> <span class='ocrx_word' id='word_1_117' title='bbox 327 1996 458 2028; x_wconf 71' lang='lat' dir='ltr'><strong>Nonius</strong></span> <span class='ocrx_word' id='word_1_118' title='bbox 476 2007 485 2026; x_wconf 78' lang='lat' dir='ltr'><em>z</em></span> <span class='ocrx_word' id='word_1_119' title='bbox 507 1995 691 2026; x_wconf 76' lang='lat' dir='ltr'><em>Ablativum</em></span> <span class='ocrx_word' id='word_1_120' title='bbox 708 2005 770 2035; x_wconf 81' lang='lat' dir='ltr'><strong>pro</strong></span> <span class='ocrx_word' id='word_1_121' title='bbox 788 2005 847 2036; x_wconf 84' lang='lat' dir='ltr'><strong>ge-</strong></span> 
     </span>
     <span class='ocr_line' id='line_1_29' title="bbox 201 2047 847 2091; baseline -0.008 -9"><span class='ocrx_word' id='word_1_122' title='bbox 201 2051 319 2082; x_wconf 85' lang='lat' dir='ltr'><strong>nitivo.</strong></span> <span class='ocrx_word' id='word_1_123' title='bbox 338 2051 372 2081; x_wconf 81' lang='lat' dir='ltr'><em>A</em></span> <span class='ocrx_word' id='word_1_124' title='bbox 388 2061 424 2080; x_wconf 78' lang='lat' dir='ltr'><strong>re</strong></span> <span class='ocrx_word' id='word_1_125' title='bbox 434 2049 553 2091; x_wconf 82' lang='lat' dir='ltr'><strong>pmcul</strong></span> <span class='ocrx_word' id='word_1_126' title='bbox 569 2047 703 2079; x_wconf 80' lang='lat' dir='ltr'><strong>videtur</strong></span> <span class='ocrx_word' id='word_1_127' title='bbox 717 2047 778 2078; x_wconf 79' lang='lat' dir='ltr'><strong>ista</strong></span> <span class='ocrx_word' id='word_1_128' title='bbox 795 2047 847 2078; x_wconf 83' lang='lat' dir='ltr'><strong>in-</strong></span> 
     </span>
     <span class='ocr_line' id='line_1_30' title="bbox 203 2102 399 2145; baseline -0.005 -11"><span class='ocrx_word' id='word_1_129' title='bbox 203 2102 399 2145; x_wconf 61' lang='lat' dir='ltr'><strong>terpretatio.</strong></span> 
     </span>
    </p>

    <p class='ocr_par' dir='ltr' id='par_1_5' title="bbox 251 2154 844 2196">
     <span class='ocr_line' id='line_1_31' title="bbox 251 2154 844 2196; baseline -0.003 -9"><span class='ocrx_word' id='word_1_130' title='bbox 251 2168 266 2187; x_wconf 90' lang='lat'>1</span> <span class='ocrx_word' id='word_1_131' title='bbox 274 2167 309 2187; x_wconf 65' lang='grc' dir='ltr'><strong>α.</strong></span> <span class='ocrx_word' id='word_1_132' title='bbox 323 2157 413 2187; x_wconf 82' lang='grc' dir='ltr'><strong>Νοιι.</strong></span> <span class='ocrx_word' id='word_1_133' title='bbox 434 2154 607 2187; x_wconf 77' lang='lat' dir='ltr'><strong>Genitivus</strong></span> <span class='ocrx_word' id='word_1_134' title='bbox 620 2165 682 2196; x_wconf 83' lang='lat' dir='ltr'><strong>pro</strong></span> <span class='ocrx_word' id='word_1_135' title='bbox 694 2154 844 2185; x_wconf 76' lang='lat' dir='ltr'><strong>ablativo.</strong></span> 
     </span>
    </p>

    <p class='ocr_par' dir='ltr' id='par_1_6' title="bbox 200 2206 845 2293">
     <span class='ocr_line' id='line_1_32' title="bbox 251 2206 845 2249; baseline -0.003 -9"><span class='ocrx_word' id='word_1_136' title='bbox 251 2210 305 2240; x_wconf 82' lang='lat'><strong>13.</strong></span> <span class='ocrx_word' id='word_1_137' title='bbox 329 2207 459 2240; x_wconf 71' lang='lat' dir='ltr'><strong>Nonius</strong></span> <span class='ocrx_word' id='word_1_138' title='bbox 474 2219 483 2238; x_wconf 90' lang='lat'><strong>:</strong></span> <span class='ocrx_word' id='word_1_139' title='bbox 507 2209 608 2238; x_wconf 76' lang='lat' dir='ltr'><strong>Teuta</strong></span> <span class='ocrx_word' id='word_1_140' title='bbox 631 2206 756 2238; x_wconf 79' lang='lat' dir='ltr'><strong>dictum</strong></span> <span class='ocrx_word' id='word_1_141' title='bbox 782 2217 845 2249; x_wconf 84' lang='lat' dir='ltr'><strong>pm</strong></span> 
     </span>
     <span class='ocr_line' id='line_1_33' title="bbox 200 2255 348 2293; baseline -0.007 0"><span class='ocrx_word' id='word_1_142' title='bbox 200 2255 348 2293; x_wconf 46' lang='lat' dir='ltr'><strong>extensa</strong></span> 
     </span>
    </p>

    <p class='ocr_par' dir='ltr' id='par_1_7' title="bbox 203 2312 845 2409">
     <span class='ocr_line' id='line_1_34' title="bbox 251 2312 845 2355; baseline -0.005 -8"><span class='ocrx_word' id='word_1_143' title='bbox 251 2322 304 2353; x_wconf 77' lang='lat'><strong>¹4-</strong></span> <span class='ocrx_word' id='word_1_144' title='bbox 328 2314 486 2347; x_wconf 74' lang='lat' dir='ltr'><strong>Nonius:</strong></span> <span class='ocrx_word' id='word_1_145' title='bbox 507 2312 716 2355; x_wconf 74' lang='lat' dir='ltr'><em>Amphitapoe</em></span> <span class='ocrx_word' id='word_1_146' title='bbox 737 2320 845 2344; x_wconf 76' lang='lat' dir='ltr'><strong>vestes</strong></span> 
     </span>
     <span class='ocr_line' id='line_1_35' title="bbox 203 2360 843 2409; baseline -0.005 -10"><span class='ocrx_word' id='word_1_147' title='bbox 203 2360 361 2399; x_wconf 81' lang='lat' dir='ltr'><strong>dicuntur</strong></span> <span class='ocrx_word' id='word_1_148' title='bbox 377 2368 546 2409; x_wconf 81' lang='lat' dir='ltr'><strong>utrimque</strong></span> <span class='ocrx_word' id='word_1_149' title='bbox 562 2366 721 2397; x_wconf 75' lang='lat' dir='ltr'><strong>habentes</strong></span> <span class='ocrx_word' id='word_1_150' title='bbox 733 2366 843 2396; x_wconf 80' lang='lat' dir='ltr'><strong>villos.</strong></span> 
     </span>
    </p>

    <p class='ocr_par' dir='ltr' id='par_1_8' title="bbox 254 2420 844 2461">
     <span class='ocr_line' id='line_1_36' title="bbox 254 2420 844 2461; baseline -0.003 -11"><span class='ocrx_word' id='word_1_151' title='bbox 254 2430 270 2450; x_wconf 87' lang='grc' dir='ltr'><strong><em>ι</em></strong></span> <span class='ocrx_word' id='word_1_152' title='bbox 277 2420 307 2451; x_wconf 85' lang='grc'><strong>5.</strong></span> <span class='ocrx_word' id='word_1_153' title='bbox 313 2422 461 2452; x_wconf 78' lang='lat' dir='ltr'><strong>Nonius:</strong></span> <span class='ocrx_word' id='word_1_154' title='bbox 470 2420 618 2451; x_wconf 76' lang='lat' dir='ltr'><strong>Zonatim</strong></span> <span class='ocrx_word' id='word_1_155' title='bbox 626 2443 637 2456; x_wconf 91' lang='lat'><em>,</em></span> <span class='ocrx_word' id='word_1_156' title='bbox 646 2430 707 2461; x_wconf 87' lang='lat' dir='ltr'><strong>per</strong></span> <span class='ocrx_word' id='word_1_157' title='bbox 715 2429 844 2460; x_wconf 82' lang='lat' dir='ltr'><strong>gyrum.</strong></span> 
     </span>
    </p>

    <p class='ocr_par' dir='ltr' id='par_1_9' title="bbox 203 2471 846 2610">
     <span class='ocr_line' id='line_1_37' title="bbox 254 2471 846 2513; baseline -0.003 -11"><span class='ocrx_word' id='word_1_158' title='bbox 254 2473 307 2503; x_wconf 80' lang='lat'><strong>16.</strong></span> <span class='ocrx_word' id='word_1_159' title='bbox 320 2474 470 2506; x_wconf 73' lang='lat' dir='ltr'><strong>Nonius:</strong></span> <span class='ocrx_word' id='word_1_160' title='bbox 489 2474 645 2509; x_wconf 70' lang='lat' dir='ltr'><strong>Laevina,</strong></span> <span class='ocrx_word' id='word_1_161' title='bbox 665 2482 781 2513; x_wconf 83' lang='lat' dir='ltr'><strong>genere</strong></span> <span class='ocrx_word' id='word_1_162' title='bbox 797 2471 846 2500; x_wconf 84' lang='lat' dir='ltr'><strong>fe-</strong></span> 
     </span>
     <span class='ocr_line' id='line_1_38' title="bbox 203 2523 846 2566; baseline -0.003 -11"><span class='ocrx_word' id='word_1_163' title='bbox 203 2524 321 2555; x_wconf 82' lang='lat' dir='ltr'><strong>minin.</strong></span> <span class='ocrx_word' id='word_1_164' title='bbox 334 2525 375 2555; x_wconf 80' lang='lat' dir='ltr'><strong>Et</strong></span> <span class='ocrx_word' id='word_1_165' title='bbox 388 2533 437 2557; x_wconf 81' lang='lat' dir='ltr'><strong>est</strong></span> <span class='ocrx_word' id='word_1_166' title='bbox 453 2526 613 2558; x_wconf 75' lang='lat' dir='ltr'><strong>lavaerina</strong></span> <span class='ocrx_word' id='word_1_167' title='bbox 622 2548 634 2563; x_wconf 91' lang='lat'>,</span> <span class='ocrx_word' id='word_1_168' title='bbox 651 2523 742 2566; x_wconf 81' lang='lat' dir='ltr'><strong>quod</strong></span> <span class='ocrx_word' id='word_1_169' title='bbox 754 2534 846 2554; x_wconf 83' lang='lat' dir='ltr'><strong>nunc</strong></span> 
     </span>
     <span class='ocr_line' id='line_1_39' title="bbox 204 2577 508 2610; baseline 0.01 -3"><span class='ocrx_word' id='word_1_170' title='bbox 204 2577 361 2607; x_wconf 77' lang='lat' dir='ltr'><strong>balneum</strong></span> <span class='ocrx_word' id='word_1_171' title='bbox 378 2577 508 2610; x_wconf 74' lang='lat' dir='ltr'><strong>dicitur.</strong></span> 
     </span>
    </p>

    <p class='ocr_par' dir='ltr' id='par_1_10' title="bbox 258 2629 845 2671">
     <span class='ocr_line' id='line_1_40' title="bbox 258 2629 845 2671; baseline 0.005 -12"><span class='ocrx_word' id='word_1_172' title='bbox 258 2640 311 2669; x_wconf 87' lang='lat'><strong>¹7·</strong></span> <span class='ocrx_word' id='word_1_173' title='bbox 337 2630 467 2661; x_wconf 77' lang='lat' dir='ltr'><strong>Nonius</strong></span> <span class='ocrx_word' id='word_1_174' title='bbox 486 2643 495 2662; x_wconf 92' lang='lat'><strong>:</strong></span> <span class='ocrx_word' id='word_1_175' title='bbox 516 2632 726 2671; x_wconf 76' lang='lat' dir='ltr'><strong>Musimones,</strong></span> <span class='ocrx_word' id='word_1_176' title='bbox 746 2629 845 2669; x_wconf 78' lang='lat' dir='ltr'><strong>asini,</strong></span> 
     </span>
    </p>
   </div>
   <div class='ocr_carea' id='block_1_5' title="bbox 205 2682 620 2726">
    <p class='ocr_par' dir='ltr' id='par_1_11' title="bbox 205 2682 620 2726">
     <span class='ocr_line' id='line_1_41' title="bbox 205 2682 620 2726; baseline 0.01 -13"><span class='ocrx_word' id='word_1_177' title='bbox 205 2682 289 2714; x_wconf 85' lang='lat' dir='ltr'><strong>muli</strong></span> <span class='ocrx_word' id='word_1_178' title='bbox 299 2705 310 2723; x_wconf 88' lang='lat'>‚</span> <span class='ocrx_word' id='word_1_179' title='bbox 327 2689 385 2714; x_wconf 80' lang='lat' dir='ltr'><strong>aut</strong></span> <span class='ocrx_word' id='word_1_180' title='bbox 401 2684 480 2726; x_wconf 76' lang='lat' dir='ltr'><strong>equi</strong></span> <span class='ocrx_word' id='word_1_181' title='bbox 495 2683 620 2717; x_wconf 70' lang='lat' dir='ltr'><strong>breves.</strong></span> 
     </span>
    </p>
   </div>
   <div class='ocr_carea' id='block_1_6' title="bbox 896 1994 1547 2727">
    <p class='ocr_par' dir='ltr' id='par_1_12' title="bbox 896 1994 1547 2183">
     <span class='ocr_line' id='line_1_42' title="bbox 950 1994 1545 2039; baseline 0.008 -15"><span class='ocrx_word' id='word_1_182' title='bbox 950 1995 1006 2025; x_wconf 78' lang='lat'><strong>18.</strong></span> <span class='ocrx_word' id='word_1_183' title='bbox 1035 1994 1192 2027; x_wconf 78' lang='lat' dir='ltr'><strong>Nonius:</strong></span> <span class='ocrx_word' id='word_1_184' title='bbox 1217 1996 1376 2027; x_wconf 80' lang='lat' dir='ltr'><strong>lnnube&#39;re</strong></span> <span class='ocrx_word' id='word_1_185' title='bbox 1398 1998 1545 2039; x_wconf 80' lang='lat' dir='ltr'><strong>positum</strong></span> 
     </span>
     <span class='ocr_line' id='line_1_43' title="bbox 897 2048 1546 2091; baseline 0.005 -13"><span class='ocrx_word' id='word_1_186' title='bbox 897 2057 961 2089; x_wconf 83' lang='lat' dir='ltr'><strong>pro</strong></span> <span class='ocrx_word' id='word_1_187' title='bbox 985 2048 1143 2086; x_wconf 73' lang='lat' dir='ltr'><strong>transire,</strong></span> <span class='ocrx_word' id='word_1_188' title='bbox 1166 2048 1259 2091; x_wconf 60' lang='lat' dir='ltr'><strong>quod</strong></span> <span class='ocrx_word' id='word_1_189' title='bbox 1281 2049 1352 2087; x_wconf 87' lang='lat' dir='ltr'><strong>hae,</strong></span> <span class='ocrx_word' id='word_1_190' title='bbox 1377 2061 1452 2091; x_wconf 85' lang='lat' dir='ltr'><strong>quae</strong></span> <span class='ocrx_word' id='word_1_191' title='bbox 1477 2062 1546 2081; x_wconf 90' lang='lat' dir='ltr'><strong>nu-</strong></span> 
     </span>
     <span class='ocr_line' id='line_1_44' title="bbox 896 2100 1547 2140; baseline 0.005 -9"><span class='ocrx_word' id='word_1_192' title='bbox 896 2100 1005 2140; x_wconf 80' lang='lat' dir='ltr'><strong>bunt,</strong></span> <span class='ocrx_word' id='word_1_193' title='bbox 1028 2101 1069 2132; x_wconf 79' lang='lat' dir='ltr'><strong>ad</strong></span> <span class='ocrx_word' id='word_1_194' title='bbox 1095 2101 1212 2132; x_wconf 70' lang='lat' dir='ltr'><strong>domos</strong></span> <span class='ocrx_word' id='word_1_195' title='bbox 1235 2102 1431 2133; x_wconf 54' lang='lat' dir='ltr'><strong>manicon-um</strong></span> <span class='ocrx_word' id='word_1_196' title='bbox 1456 2110 1547 2134; x_wconf 76' lang='lat' dir='ltr'><strong>tran-</strong></span> 
     </span>
     <span class='ocr_line' id='line_1_45' title="bbox 896 2159 996 2183; baseline 0 0"><span class='ocrx_word' id='word_1_197' title='bbox 896 2159 996 2183; x_wconf 75' lang='lat' dir='ltr'><strong>scant.</strong></span> 
     </span>
    </p>

    <p class='ocr_par' dir='ltr' id='par_1_13' title="bbox 897 2206 1545 2302">
     <span class='ocr_line' id='line_1_46' title="bbox 948 2206 1545 2247; baseline 0.003 -11"><span class='ocrx_word' id='word_1_198' title='bbox 948 2217 1000 2247; x_wconf 86' lang='lat'><strong>19.</strong></span> <span class='ocrx_word' id='word_1_199' title='bbox 1023 2206 1153 2237; x_wconf 76' lang='lat' dir='ltr'><strong>Nonius</strong></span> <span class='ocrx_word' id='word_1_200' title='bbox 1166 2217 1175 2236; x_wconf 70' lang='grc' dir='ltr'>ι</span> <span class='ocrx_word' id='word_1_201' title='bbox 1191 2208 1329 2236; x_wconf 86' lang='lat' dir='ltr'><strong>Porcere</strong></span> <span class='ocrx_word' id='word_1_202' title='bbox 1337 2228 1349 2243; x_wconf 92' lang='lat'>‚</span> <span class='ocrx_word' id='word_1_203' title='bbox 1366 2206 1545 2247; x_wconf 81' lang='lat' dir='ltr'><strong>prohibere</strong></span> 
     </span>
     <span class='ocr_line' id='line_1_47' title="bbox 897 2260 1178 2302; baseline -0.007 -12"><span class='ocrx_word' id='word_1_204' title='bbox 897 2260 1017 2302; x_wconf 57' lang='grc' dir='ltr'><strong>πρίω</strong></span> <span class='ocrx_word' id='word_1_205' title='bbox 1028 2260 1178 2301; x_wconf 80' lang='lat' dir='ltr'><strong>legimus.</strong></span> 
     </span>
    </p>

    <p class='ocr_par' dir='ltr' id='par_1_14' title="bbox 947 2311 1473 2344">
     <span class='ocr_line' id='line_1_48' title="bbox 947 2311 1473 2344; baseline -0.002 -1"><span class='ocrx_word' id='word_1_206' title='bbox 947 2324 1001 2344; x_wconf 59' lang='grc' dir='ltr'><strong>πο.</strong></span> <span class='ocrx_word' id='word_1_207' title='bbox 1019 2313 1167 2343; x_wconf 73' lang='lat' dir='ltr'><strong>Nonius:</strong></span> <span class='ocrx_word' id='word_1_208' title='bbox 1181 2311 1296 2342; x_wconf 79' lang='lat' dir='ltr'><strong>Iubere</strong></span> <span class='ocrx_word' id='word_1_209' title='bbox 1312 2318 1361 2342; x_wconf 59' lang='lat' dir='ltr'><strong>at</strong></span> <span class='ocrx_word' id='word_1_210' title='bbox 1376 2312 1473 2344; x_wconf 83' lang='lat' dir='ltr'><strong>velle.</strong></span> 
     </span>
    </p>

    <p class='ocr_par' dir='ltr' id='par_1_15' title="bbox 897 2365 1547 2554">
     <span class='ocr_line' id='line_1_49' title="bbox 946 2365 1547 2405; baseline 0.003 -9"><span class='ocrx_word' id='word_1_211' title='bbox 946 2376 1000 2396; x_wconf 68' lang='grc' dir='ltr'><strong>αι.</strong></span> <span class='ocrx_word' id='word_1_212' title='bbox 1025 2367 1193 2402; x_wconf 66' lang='lat' dir='ltr'><strong>Donatus,</strong></span> <span class='ocrx_word' id='word_1_213' title='bbox 1213 2365 1251 2395; x_wconf 87' lang='lat' dir='ltr'><strong>in</strong></span> <span class='ocrx_word' id='word_1_214' title='bbox 1271 2365 1375 2396; x_wconf 81' lang='lat' dir='ltr'><strong>Andr.</strong></span> <span class='ocrx_word' id='word_1_215' title='bbox 1395 2373 1458 2397; x_wconf 78' lang='lat' dir='ltr'><strong>act.</strong></span> <span class='ocrx_word' id='word_1_216' title='bbox 1475 2368 1547 2405; x_wconf 90' lang='lat'>111,</span> 
     </span>
     <span class='ocr_line' id='line_1_50' title="bbox 899 2418 1546 2461; baseline 0.003 -12"><span class='ocrx_word' id='word_1_217' title='bbox 899 2430 943 2449; x_wconf 85' lang='lat' dir='ltr'><strong>sc.</strong></span> <span class='ocrx_word' id='word_1_218' title='bbox 967 2429 1003 2448; x_wconf 85' lang='lat'><strong>11</strong></span> <span class='ocrx_word' id='word_1_219' title='bbox 1023 2429 1031 2448; x_wconf 89' lang='lat'>:</span> <span class='ocrx_word' id='word_1_220' title='bbox 1050 2418 1300 2449; x_wconf 76' lang='lat' dir='ltr'><strong>Consuetudine</strong></span> <span class='ocrx_word' id='word_1_221' title='bbox 1322 2419 1424 2461; x_wconf 77' lang='lat' dir='ltr'><strong>magis</strong></span> <span class='ocrx_word' id='word_1_222' title='bbox 1444 2419 1546 2461; x_wconf 60' lang='lat' dir='ltr'><strong>quin</strong></span> 
     </span>
     <span class='ocr_line' id='line_1_51' title="bbox 898 2470 1545 2515; baseline 0.006 -14"><span class='ocrx_word' id='word_1_223' title='bbox 898 2472 1023 2502; x_wconf 79' lang='lat' dir='ltr'><strong>ratione</strong></span> <span class='ocrx_word' id='word_1_224' title='bbox 1047 2470 1157 2509; x_wconf 83' lang='lat' dir='ltr'><strong>dixit,</strong></span> <span class='ocrx_word' id='word_1_225' title='bbox 1181 2482 1245 2513; x_wconf 82' lang='lat' dir='ltr'><strong>pro</strong></span> <span class='ocrx_word' id='word_1_226' title='bbox 1271 2471 1346 2503; x_wconf 83' lang='lat' dir='ltr'><strong>date</strong></span> <span class='ocrx_word' id='word_1_227' title='bbox 1376 2473 1407 2503; x_wconf 85' lang='lat' dir='ltr'><strong>ei</strong></span> <span class='ocrx_word' id='word_1_228' title='bbox 1430 2473 1545 2515; x_wconf 74' lang='lat' dir='ltr'><strong>potio-</strong></span> 
     </span>
     <span class='ocr_line' id='line_1_52' title="bbox 897 2535 983 2554; baseline 0 0"><span class='ocrx_word' id='word_1_229' title='bbox 897 2535 983 2554; x_wconf 84' lang='lat' dir='ltr'><strong>nem.</strong></span> 
     </span>
    </p>

    <p class='ocr_par' dir='ltr' id='par_1_16' title="bbox 898 2576 1546 2727">
     <span class='ocr_line' id='line_1_53' title="bbox 947 2576 1544 2619; baseline 0.008 -13"><span class='ocrx_word' id='word_1_230' title='bbox 947 2587 1002 2607; x_wconf 64' lang='grc' dir='ltr'><strong>αα.</strong></span> <span class='ocrx_word' id='word_1_231' title='bbox 1019 2576 1231 2618; x_wconf 78' lang='lat' dir='ltr'><strong>Porphyrion</strong></span> <span class='ocrx_word' id='word_1_232' title='bbox 1246 2577 1284 2608; x_wconf 88' lang='lat' dir='ltr'><strong>in</strong></span> <span class='ocrx_word' id='word_1_233' title='bbox 1300 2579 1415 2610; x_wconf 74' lang='lat' dir='ltr'><strong>Horat.</strong></span> <span class='ocrx_word' id='word_1_234' title='bbox 1427 2577 1486 2611; x_wconf 72' lang='lat' dir='ltr'><strong>lib.</strong></span> <span class='ocrx_word' id='word_1_235' title='bbox 1503 2581 1522 2610; x_wconf 92' lang='lat'>1</span> <span class='ocrx_word' id='word_1_236' title='bbox 1533 2602 1544 2619; x_wconf 95' lang='lat'>,</span> 
     </span>
     <span class='ocr_line' id='line_1_54' title="bbox 898 2630 1546 2665; baseline 0.008 -5"><span class='ocrx_word' id='word_1_237' title='bbox 898 2636 954 2660; x_wconf 79' lang='lat' dir='ltr'>sat.</span> <span class='ocrx_word' id='word_1_238' title='bbox 970 2630 988 2660; x_wconf 84' lang='lat'>3</span> <span class='ocrx_word' id='word_1_239' title='bbox 1001 2641 1009 2660; x_wconf 92' lang='lat'>:</span> <span class='ocrx_word' id='word_1_240' title='bbox 1023 2630 1264 2661; x_wconf 74' lang='lat' dir='ltr'><strong>Annotandum</strong></span> <span class='ocrx_word' id='word_1_241' title='bbox 1275 2631 1413 2664; x_wconf 66' lang='lat' dir='ltr'><strong>Sardum</strong></span> <span class='ocrx_word' id='word_1_242' title='bbox 1423 2639 1457 2665; x_wconf 79' lang='lat' dir='ltr'><strong>et</strong></span> <span class='ocrx_word' id='word_1_243' title='bbox 1467 2633 1546 2664; x_wconf 85' lang='lat' dir='ltr'><em>Sar-</em></span> 
     </span>
     <span class='ocr_line' id='line_1_55' title="bbox 898 2682 1266 2727; baseline -0.003 -12"><span class='ocrx_word' id='word_1_244' title='bbox 898 2682 1061 2715; x_wconf 77' lang='lat' dir='ltr'><strong>dinensem</strong></span> <span class='ocrx_word' id='word_1_245' title='bbox 1077 2683 1144 2716; x_wconf 79' lang='lat' dir='ltr'><strong>dici</strong></span> <span class='ocrx_word' id='word_1_246' title='bbox 1158 2694 1266 2727; x_wconf 70' lang='lat' dir='ltr'><strong>poue.</strong></span> 
     </span>
    </p>
   </div>
   <div class='ocr_carea' id='block_1_7' title="bbox 1241 2767 1310 2810">
    <p class='ocr_par' dir='ltr' id='par_1_17' title="bbox 1241 2767 1310 2810">
     <span class='ocr_line' id='line_1_56' title="bbox 1241 2767 1310 2810; baseline 0.043 -16"><span class='ocrx_word' id='word_1_247' title='bbox 1241 2767 1310 2810; x_wconf 79' lang='lat'><strong>17·</strong></span> 
     </span>
    </p>
   </div>
  </div>
 </body>
</html>
