1846 3184
293 321 377 377 294
473 317 476 320 ’
556 319 607 360 C.
638 318 899 361 LUCILII
930 317 1349 362 FRAGMENTA

898 403 939 439 X
951 403 983 439 L
995 403 1027 438 Ι.

344 464 518 506 Primum
531 493 543 512 ‚
564 465 643 516 qui
659 465 802 504 virtute
821 465 1044 503 servitutem
1065 465 1285 503 excluserit.

879 531 919 566 X
933 530 964 566 L
974 530 994 566 I
1006 530 1037 565 Ι.

346 593 491 641 Quanti
506 591 624 631 vellet
635 621 646 639 ‚
666 605 786 644 quam
803 592 946 630 canicis
963 605 986 629 a
1003 593 1115 643 pulte
1131 601 1170 631 et
1184 593 1355 632 maeonis
1373 605 1507 630 manu.

866 659 906 695 X
918 659 949 694 L
962 658 981 693 Ι
992 658 1011 694 I
1024 659 1055 694 I.

348 725 399 761 At
414 722 555 761 metuis
573 734 691 772 porro
710 729 868 772 aspectu
888 729 927 759 et
946 721 1070 760 forma
1088 722 1238 774 capiare

350 787 495 825 Altera.
521 790 525 796 '

883 851 924 888 X
936 853 968 888 L
979 852 998 886 1
1006 853 1055 886 V.

349 917 407 953 Re
424 915 466 952 in
485 914 654 953 secunda
672 914 809 952 tollere
827 915 978 952 animos
990 942 1000 962 ‚
1019 923 1058 952 et
1078 914 1118 952 in
1137 913 1238 952 mala
1255 913 1471 952 demittere.

904 982 944 1017 X
959 983 991 1017 L
1003 981 1049 1016 V.

352 1045 501 1084 Rerum
516 1043 790 1095 explicatorem
806 1045 960 1082 mittam
972 1072 982 1090 ‚
1003 1044 1190 1081 miserum
1210 1041 1435 1081 mendicum
1450 1048 1590 1093 petam.

884 1111 922 1146 X
935 1111 966 1146 L
974 1111 1009 1145 V
1020 1111 1052 1145 Ι.

355 1175 436 1225 Ego
456 1175 560 1212 enim
578 1187 599 1211 a
618 1174 808 1225 pueritia',
826 1181 872 1211 ut
893 1187 956 1211 me
976 1186 1103 1211 amare
1121 1171 1316 1223 expediat.

880 1240 919 1276 X
930 1240 962 1275 L
970 1241 1005 1275 V
1015 1238 1033 1275 I
1046 1240 1079 1275 Ι.

355 1303 501 1354 Viginti
520 1303 651 1350 domi,
669 1317 719 1341 an
736 1303 891 1355 triginta
904 1331 915 1349 ‚
931 1303 994 1340 vel
1012 1310 1170 1340 centum
1188 1300 1372 1340 cibicidas
1388 1300 1481 1338 alas.

859 1368 898 1404 X
910 1368 942 1403 L
952 1369 987 1404 V
998 1368 1016 1403 I
1030 1369 1048 1403 Ι
1062 1369 1093 1403 Ι.

357 1430 469 1468 Idola
486 1439 602 1482 atque
619 1439 769 1469 atomos
787 1432 940 1469 vincere
962 1431 1121 1482 Epicuri
1139 1430 1281 1468 volam.

887 1497 927 1532 X
938 1497 968 1531 L
980 1497 998 1531 Ι
1012 1498 1062 1532 Χ.

357 1557 522 1610 Hymnis
539 1561 653 1598 velim
674 1567 712 1597 te
730 1559 771 1596 id
783 1587 794 1605 ‚
810 1559 921 1610 quod
937 1571 1072 1596 verum
1092 1566 1149 1595 est
1161 1587 1171 1604 ‚
1192 1557 1363 1595 credere.

955 1626 999 1661 L.

360 1689 407 1726 In
425 1702 466 1726 re
480 1688 658 1741 jactanda
676 1688 760 1739 ipsa
776 1687 941 1726 ridicula
959 1687 1001 1725 id
1019 1695 1136 1738 atque
1154 1685 1359 1724 assederet.

831 1825 1135 1841 mmmm

417 1922 510 1966 EX
547 1920 770 1966 LIBRO
800 1920 1049 1969 XXVIII
1089 1917 1524 1963 SATIRARUM.

969 2043 1001 2077 Ι.

365 2106 562 2146 Concedat
578 2105 729 2144 homini
748 2102 789 2142 id
801 2134 811 2152 ,
831 2105 939 2156 quod
956 2104 1041 2141 vult
1055 2133 1066 2151 ‚
1084 2103 1243 2141 deliniat
1257 2131 1268 2148 ,

365 2175 597 2222 corrumpat
610 2182 768 2223 prorsus
782 2198 793 2216 ,
811 2182 855 2206 ac
875 2181 1012 2206 nervos
1031 2180 1165 2205 omnes
1184 2167 1314 2218 eligat.

361 2304 417 2335 41.
429 2297 580 2329 Nonius:
595 2294 790 2332 Excludere,
805 2293 955 2325 liberare.
1056 2296 1110 2329 47.
1126 2289 1258 2321 Nouius
1268 2300 1280 2322 ·.
1298 2288 1466 2320 Οἰῠίσίᾰω.

361 2358 416 2390 42.
433 2351 582 2383 Nonius:
602 2350 737 2382 Canicas
751 2355 875 2380 veteres
887 2348 958 2379 fur-
1058 2344 1112 2380 48.
1129 2342 1261 2374 Nonius
1272 2352 1280 2371 :
1292 2341 1433 2377 Volam,
1450 2349 1513 2382 pro
1526 2339 1637 2370 velim⁴

312 2404 403 2437 tures
414 2416 483 2437 esse
498 2405 688 2435 voluerunt.
1058 2402 1113 2438 49.
1139 2395 1272 2428 Nonius
1292 2405 1300 2425 ε
1329 2393 1461 2424 Orodem
1483 2400 1533 2424 est
1558 2391 1659 2423 fidem

362 2459 416 2496 43.
442 2449 575 2490 Nonfns
591 2467 601 2488 ς
626 2457 744 2498 Caper-e
758 2478 769 2492 ,
789 2455 938 2497 decipere
950 2475 960 2491 ,
1011 2450 1131 2482 habene
1146 2449 1243 2481 dictis
1255 2448 1309 2480 vel
1321 2447 1423 2479 factis.

314 2511 565 2543 circumvenire.
1062 2505 1115 2536 50.
1129 2503 1277 2536 Nonius:
1290 2501 1437 2539 lactare,
1454 2499 1660 2532 ambitiosius

364 2570 419 2601 44.
432 2564 586 2596 Noniust
604 2551 781 2594 Demzkstim
790 2584 801 2600 ‚
816 2560 941 2592 humile
950 2578 960 2598 9
1013 2557 1157 2602 gloriari.

318 2618 559 2656 miserandum,
572 2616 752 2660 abjectum.
1063 2623 1092 2642 1.
1115 2609 1268 2642 Nonius:
1288 2607 1488 2644 concedere,
1508 2606 1585 2637 dare
1607 2605 1661 2636 vel

365 2668 419 2702 45-
434 2669 581 2700 Nonius:
599 2669 711 2699 Petere
720 2689 732 2704 ‚
747 2666 852 2707 sequi.
1013 2663 1214 2707 promittere.
1232 2661 1325 2695 Idem
1339 2672 1347 2692 ι
1366 2660 1493 2703 Eligem
1502 2681 1514 2698 ,
1536 2658 1659 2692 defati-

367 2720 422 2755 46.
432 2721 579 2753 Nonius:
594 2720 755 2764 Expedire
764 2743 776 2759 ,
790 2720 873 2751 utile
882 2729 960 2752 esse·
1013 2728 1097 2762 gates
