1846 3184
515 298 589 344 IN
619 296 857 342 PEnsu
891 297 1191 342 sA'rmAM
1224 299 1263 341 1.
1487 301 1568 359 187

224 382 442 434 periculum
457 382 623 421 habeant
642 381 748 434 apud
771 381 1077 420 salsamentarios
1099 384 1139 420 et
1158 381 1335 419 tum-ios.
1353 385 1427 420 Per
1443 395 1573 421 scom-

224 446 316 485 bros
330 446 516 499 significat
532 446 839 491 salsamentarios
850 475 861 492 ‚
882 459 953 496 per
970 454 1034 483 tus
1050 445 1326 497 pigmentarios
1339 446 1409 496 (4).

276 526 326 561 V.
348 528 412 567 44.
440 524 619 572 Quisquis
641 536 704 568 es,
728 523 752 560 ό
776 523 916 568 modo,
938 522 1083 573 quem]
1105 522 1263 560 Mimica
1282 514 1322 560 et
1338 523 1487 560 comica
1505 537 1573 561 ex-

224 586 403 625 clamatio
413 600 425 623 :
438 587 623 638 quoniam
635 579 761 638 poetae
772 599 1056 638 nonnunquam
1066 614 1077 632 ‚
1092 586 1236 624 omisso
1250 595 1358 625 recto
1371 600 1548 625 sermone
1560 617 1571 634 ‚

224 658 331 688 extra
346 663 499 688 scenam
517 650 590 688 soli
609 650 849 702 loquuntur,
867 651 1099 688 sustinentes
1119 663 1327 702 personam
1348 663 1484 698 suam;
1504 659 1573 689 aut

224 713 444 766 aliquorum
460 714 665 752 hominum
683 715 800 753 verba
818 715 1085 766 interponunt.

276 792 324 828 V.
343 790 404 828 50.
420 793 511 829 Non
527 800 585 828 est
596 791 657 828 hic
673 793 773 828 Ilias
788 791 909 843 Acca]
925 791 1069 830 Accius
1084 792 1214 829 Labeo
1233 791 1396 830 Iliadem
1416 792 1576 830 Homeri

223 854 400 892 versibus
417 854 627 893 foedissime·
646 855 880 907 composuit.

275 933 323 968 V.
347 930 408 975 54.
433 932 514 968 Scis
537 933 711 968 comitem
737 931 1004 983 horridulum]
1024 932 1108 970 Scis
1127 932 1277 970 birrum
1304 933 1480 970 attritum
1503 946 1573 970 co-

225 995 312 1032 miti
332 995 564 1032 condonare.
592 999 779 1041 Lacerna,
797 995 962 1047 pallium
988 996 1249 1043 fimbriatum,
1269 1010 1350 1048 quo
1380 997 1476 1035 olim
1501 997 1574 1035 soli

227 1057 372 1095 milites
386 1057 626 1096 velabantur.
641 1059 807 1105 Penula,
826 1059 990 1111 pallium
1009 1073 1102 1097 cum
1119 1060 1283 1098 fimbriis
1300 1060 1439 1112 longis.

277 1136 325 1171 V.
341 1133 403 1171 56.
424 1135 636 1186 Quipotei’]
649 1138 810 1173 Tractus
826 1147 961 1173 sensus
982 1149 1031 1173 ex
1052 1139 1190 1174 Graeco
1206 1149 1319 1174 versu
1332 1136 1410 1186 (5),
1423 1150 1504 1188 quo
1520 1137 1574 1175 si-

225 1197 452 1248 gnificatur,
467 1212 516 1236 ex
532 1208 665 1238 ventre
683 1213 810 1238 crasso
829 1207 988 1238 tenuem
1006 1213 1163 1238 sensum
1181 1213 1262 1238 non
1279 1201 1398 1238 nasci.

279 1276 327 1311 V.
362 1273 424 1311 58.
452 1277 574 1312 Nulla
605 1277 783 1327 ciconia]
811 1277 900 1314 Tria
932 1290 1072 1328 genera
1102 1290 1335 1315 sannarum:
1362 1286 1430 1315 aut
1454 1291 1576 1315 manu

226 1338 439 1388 signifiare
453 1339 654 1386 ciconiam,
663 1349 746 1386 aut,
757 1342 939 1392 opposito
953 1342 1196 1393 temporibus
1207 1341 1369 1393 pollice,
1386 1342 1578 1379 auriculas

224 1402 411 1448 asininas,
435 1411 503 1440 aut
526 1403 699 1455 linguam
725 1405 888 1455 ¹sitientis
914 1406 1032 1443 canis.
1059 1408 1187 1446 Sanna
1210 1414 1342 1443 autem
1366 1405 1510 1443 dicitur
1533 1419 1578 1443 os

226 1465 435 1504 distortum
460 1480 553 1505 cum
580 1468 717 1515 vultu,
739 1469 849 1520 quod
877 1469 1066 1515 facimus,
1091 1468 1184 1508 cum
1210 1470 1307 1509 alios
1337 1470 1574 1508 deridemus.

226 1530 324 1568 Inde
345 1532 550 1571 sanniones
568 1532 662 1570 dicti
675 1561 687 1579 ‚
702 1533 773 1584 qui
791 1547 872 1571 non
891 1543 1043 1572 rectum
1060 1534 1216 1572 vultum
1233 1534 1412 1572 habeant.

279 1607 328 1644 V.
359 1620 421 1654 72.
446 1609 621 1660 Palilia]
642 1611 764 1647 Varro
787 1623 796 1646 :
822 1610 952 1660 palilia
982 1619 1060 1648 tam
1087 1612 1256 1662 privata,
1277 1609 1396 1662 quam
1420 1611 1578 1662 publica

227 1678 319 1708 sunt
343 1672 451 1721 apud
471 1673 637 1710 rusticos
660 1687 669 1709 :
695 1682 764 1719 ut,
785 1675 979 1725 congestis
1005 1688 1098 1712 cum
1122 1675 1227 1712 foeno
1254 1675 1428 1726 stipuIiS‚
1446 1676 1577 1727 ignem

226 1746 414 1784 magnum
431 1737 646 1774 transiliant
657 1766 669 1783 ,
685 1737 745 1775 his
763 1738 947 1788 palilibus
965 1752 1005 1776 se
1023 1740 1171 1790 expiari
1190 1740 1403 1778 eredentes.

279 1811 328 1846 V.
351 1811 414 1847 82.
441 1813 664 1863 Tros-sulus]
693 1813 924 1852 Trossulum
948 1815 1142 1866 oppidum
1170 1816 1245 1854 fuit
1268 1817 1480 1863 Heu-urite,
1498 1830 1579 1855 non

228 1874 344 1925 longe
365 1889 387 1912 a
404 1877 567 1914 Volscis.
588 1880 672 1915 Hoc
691 1880 841 1930 equites
864 1882 1031 1919 Romani
1058 1883 1140 1920 sine
1160 1883 1360 1934 peditibus
1380 1898 1580 1936 expugna-

228 1947 390 1985 verunt,
407 1941 552 1978 Numio
580 1942 751 1992 quodam
770 1943 884 1981 duce.
911 1945 1027 1983 Unde
1052 1947 1203 1997 equites
1220 1949 1578 1997 RomaniaeTrossuli

230 2002 325 2040 dicti
343 2012 446 2041 sunt.

282 2080 331 2116 V.
354 2080 418 2116 86.
437 2082 575 2118 Librat
590 2084 631 2118 ia
651 2084 874 2135 amaheae]
895 2085 1095 2124 Antitheta
1114 2095 1205 2125 sunt
1223 2087 1306 2126 haec
1322 2102 1332 2124 z

466 2171 577 2201 Fortia
593 2171 734 2213 neglecti
750 2171 801 2214 (6)
819 2173 974 2204 velabant
990 2175 1076 2205 colla
1093 2175 1224 2217 capilli:

461 2223 504 2253 Et
520 2234 580 2264 per
596 2224 737 2266 neglecti
754 2225 939 2268 volitabant
955 2227 1041 2258 colla
1057 2229 1180 2269 capilli.

461 2275 530 2306 Aut
544 2268 723 2320 quotiens(
728 2276 763 2320 7)
782 2279 899 2315 umbra
914 2280 1050 2321 porrexi
1066 2280 1202 2310 brachia
1219 2287 1306 2310 mota
1320 2291 1328 2310 :

461 2331 532 2360 Ant
546 2330 702 2371 quotiens
720 2331 836 2362 umbra
855 2332 974 2363 reduxi
988 2333 1127 2373 „brachia
1141 2340 1242 2364 mota.

228 2406 425 2444 Antitheta
442 2416 573 2446 autem
593 2410 664 2446 ista
684 2418 795 2455 sunt,
817 2424 905 2461 quae
929 2420 1062 2449 contra
1089 2425 1129 2449 se
1151 2421 1377 2462 ponuntur:
1396 2422 1464 2460 ut,
1486 2414 1578 2453 hinc

230 2468 381 2517 pudor,
397 2470 505 2509 illinc
524 2473 758 2523 petulantia:
778 2473 869 2511 hinc
887 2475 1097 2525 pudicitia,
1116 2475 1224 2514 illinc
1241 2485 1444 2528 stuprum:
1462 2478 1576 2517 istinc

232 2530 422 2570 fraudatio
436 2562 447 2580 ‚
467 2535 576 2573 illinc
597 2536 705 2573 fides.

284 2607 332 2642 V.
359 2607 422 2656 95.
452 2610 515 2647 Sic
543 2621 687 2648 costam
719 2613 877 2663 longa]
908 2614 1045 2651 Omnia
1075 2615 1277 2665 epicorum
1304 2618 1499 2665 carmina,
1523 2619 1577 2657 ita

234 2667 313 2707 fere
337 2680 426 2709 sunt
444 2676 657 2726 composita
671 2704 682 2722 ‚
705 2684 750 2713 ut
770 2677 969 2728 proximus
988 2691 1056 2728 pes
1079 2679 1128 2718 ab
1145 2680 1286 2720 ultimo
1308 2682 1485 2735 dactylus
1504 2685 1576 2730 sit,
