1898 3216
692 359 701 361 ‚
742 297 1171 350 PRAEFATIO.
1575 307 1634 365 vij

272 395 418 466 selegi
435 436 449 459 ,
489 399 658 448 habita
698 402 841 466 prius
881 399 1107 467 religiose
1153 398 1432 447 reverentia
1476 416 1631 464 quam

271 488 455 536 nostris
482 487 760 536 debendam
789 490 1038 555 magistris
1062 487 1320 555 profiteor.

334 578 500 640 Atque
533 577 729 623 utinam
759 580 1058 625 Luculns
1086 579 1281 642 integer
1313 584 1626 635 servaretur3

269 664 491 728 optimus
550 666 665 711 vitae
727 675 1003 731 praeceptor
1034 701 1047 723 ‚
1095 667 1362 731 pictorque
1425 682 1629 712 morum

269 752 581 799 acutissimus
611 750 621 796 !
664 752 724 799 Id
779 769 898 800 vero
948 752 1092 800 aliter
1128 790 1142 813 ‚
1206 751 1392 800 infelici
1457 755 1629 800 nescio

268 855 372 904 quo
399 837 530 900 fato,
568 841 762 888 accidit.
801 845 1092 908 Fragmenta
1127 841 1380 907 permulta
1417 842 1627 907 quidem

266 927 726 994 satirographorum
758 931 1000 995 principis
1033 929 1230 994 collegit
1255 966 1268 988 ,
1306 930 1438 976 inter
1475 929 1623 987 alios,

267 1018 643 1064 FRAnmscns
685 1021 889 1065 DOUSA
932 1021 1069 1064 JANI
1112 1016 1247 1064 filius
1270 1054 1282 1077 ,
1322 1017 1409 1064 sed
1452 1017 1624 1065 multi·

267 1103 429 1150 modis
462 1103 763 1163 deformata,
789 1104 1019 1152 mutilata
1035 1142 1048 1163 ‚
1077 1115 1229 1169 atque
1260 1121 1441 1170 parum
1468 1105 1624 1170 profi-

268 1190 451 1237 cientia
481 1191 543 1238 ad
571 1209 678 1238 rem
703 1194 953 1256 poeticam
985 1202 1073 1239 aut
1105 1194 1386 1251 satiricam3
1409 1193 1626 1257 ideoque

267 1275 473 1324 difficile
497 1277 770 1325 admodum
798 1295 858 1325 ex
883 1280 944 1326 iis
969 1289 1163 1326 rectum
1193 1279 1255 1326 de
1285 1279 1479 1327 Lucilio
1501 1279 1623 1328 ferri

260 1364 510 1428 judicium
528 1376 719 1430 posset:
738 1365 853 1413 cum
877 1376 1044 1413 autem
1063 1366 1265 1414 aliunde
1284 1367 1444 1415 multa
1462 1385 1623 1433 gram-

264 1454 467 1500 matices
496 1469 552 1500 ac
582 1453 866 1519 philologiae
900 1465 1130 1520 respectu
1165 1455 1399 1521 perutilia
1427 1456 1619 1522 praebe-

264 1548 407 1599 rent,
429 1542 703 1605 praesertim
736 1551 945 1606 propter
974 1542 1128 1589 verba
1157 1545 1419 1590 innumera
1438 1581 1451 1603 ‚
1473 1561 1621 1591 vene·

262 1627 470 1674 randam
492 1630 844 1693 antiquitatem
867 1629 1142 1678 redolentia
1159 1668 1172 1690 ‚
1204 1648 1261 1678 ea
1289 1632 1457 1679 denuo
1485 1634 1620 1698 typis

261 1714 544 1762 mandanda
557 1719 742 1763 curavi.
761 1722 874 1765 Haec
893 1727 1060 1764 autern
1079 1718 1326 1766 debentur
1342 1721 1620 1785 praesertim

261 1804 516 1863 Ciceroni,
544 1805 887 1864 Quintiliano,
912 1806 1171 1864 Diomedi,
1199 1806 1387 1867 Gellio,
1419 1810 1614 1864 Nonio,

262 1893 406 1937 Festo
420 1927 434 1950 ‚
454 1893 621 1939 Servio
635 1929 649 1951 ,
672 1893 863 1940 Isidoro
876 1930 889 1953 ‚
910 1893 1135 1941 Charisio
1149 1931 1163 1953 ‚
1187 1896 1445 1942 Lactantio
1461 1931 1476 1954 ,
1496 1897 1614 1960 qui,

263 1977 463 2026 duobus
482 1979 703 2027 tribusve
728 1982 945 2046 exceptis
961 2019 974 2040 ‚
996 1983 1342 2046 grammaticos
1364 1984 1497 2029 inter
1519 1983 1616 2029 cla-

260 2076 498 2124 ruerunt3
518 2066 652 2113 unde
671 2066 754 2124 fit,
776 2078 834 2115 ut
858 2085 913 2115 ea
932 2070 1248 2133 potissimum
1267 2085 1381 2133 quae
1403 2071 1499 2116 arti
1516 2085 1617 2116 suae

259 2150 526 2216 profutura
541 2155 825 2218 judicarent
852 2160 1204 2222 excerpserint.
1230 2159 1425 2206 Nostris
1449 2168 1618 2204 autem

260 2238 550 2306 fragmentis
588 2242 786 2290 notulas
822 2261 1002 2309 magna
1046 2262 1107 2293 ex
1152 2255 1295 2310 parte
1334 2246 1397 2292 ab
1438 2244 1618 2291 iisdem

259 2330 583 2394 scriptoribus
601 2341 825 2395 acceptas
844 2333 1099 2397 subjunxi,
1120 2351 1232 2398 quae
1251 2333 1402 2380 verba
1421 2342 1618 2379 vetusta

261 2426 312 2463 et
338 2416 585 2478 obsoleta,
604 2419 684 2467 vel
702 2418 981 2468 difficiliora
1012 2422 1489 2485 interpretarentur,
1512 2437 1616 2486 quo

261 2505 420 2567 maj0r
456 2506 712 2569 juventuti
749 2506 1078 2555 effloresceret
1112 2506 1316 2554 utilitas.

326 2594 642 2659 Caeteroquin
665 2631 680 2656 ‚
717 2595 888 2643 eadem
928 2606 1001 2644 est
1036 2594 1197 2643 forma
1226 2595 1473 2644 volumini
1502 2612 1616 2663 quae
