1846 3184
699 321 958 364 SATIRA
983 321 1048 364 -V.

1474 326 1554 369 133

264 405 446 451 verterit
458 403 576 446 hunc
593 403 826 446 dominus?
844 414 1065 446 momento
1082 403 1269 446 turbinis
1279 436 1293 458 ,
1309 407 1399 448 exit

261 482 433 525 Marcus
454 481 601 523 Dama.
620 481 771 539 Papoe!
796 480 943 523 Marco
960 479 1223 538 spondente,
1243 496 1430 533 recusas,

263 556 447 600 Credere
461 567 510 598 tu
527 555 759 600 nummos?
777 557 928 599 Marco
945 557 1024 598 sub
1042 556 1185 613 judice
1203 557 1337 615 palles
1352 557 1372 598 Ξ)
1506 564 1551 598 80

262 622 442 677 Marcus*
451 632 559 675 dixit
576 649 586 675 ε
606 633 665 675 ita
682 643 758 676 est.
776 632 965 692 Adsigna
977 665 989 686 ‚
1005 633 1171 686 Marce,
1190 633 1383 676 tabellas.

266 709 367 752 Hoec
385 724 501 752 mera
519 709 718 752 libertas!
739 710 823 752 hoc
846 710 972 752 nobis
991 711 1099 769 pilea
1120 710 1308 753 donant!

203 824 376 871 ruptum:
393 826 438 860 ab
457 826 580 860 Horat.
596 834 632 860 et
646 826 768 860 Persio
782 839 852 873 pro

204 879 388 914 nebulone
400 880 569 914 sumitur.
578 901 624 906 ——
633 883 763 924 Lippus.
780 881 852 914 Im-

204 932 344 978 peritus
353 957 363 972 ‚
376 932 496 966 animo
507 933 698 967 caecutiens
707 959 717 974 ,
729 933 853 967 similis

204 985 238 1019 ei
257 985 320 1031 qui
341 985 462 1032 lippos
485 986 591 1020 habet
609 986 856 1020 o'culos.—Et

204 1040 239 1070 in
259 1039 349 1070 tenui
358 1039 539 1082 farragine
556 1041 710 1071 menda-2*-
728 1040 772 1072 In
790 1038 852 1073 ad-

205 1090 463 1124 ministratione
474 1091 626 1137 peculii,
634 1091 692 1126 vel
701 1091 853 1139 alicujus

204 1143 281 1184 rei,
299 1143 404 1177 sicuti
420 1144 609 1188 farraginis
621 1170 633 1184 ‚
653 1145 776 1191 pabuli
795 1146 854 1192 ju·

204 1196 333 1230 mentis
353 1195 623 1239 distribuendi,
637 1197 790 1232 mendax
814 1207 851 1233 et

204 1249 466 1284 fraudulentus.
477 1254 688 1296 —Farragm
706 1254 781 1291 Est,
797 1252 851 1285 in-

206 1302 286 1348 quit
298 1302 422 1336 Festus
429 1328 441 1345 ,
456 1305 548 1347 quod
556 1316 599 1336 ea.-
606 1306 754 1348 pluribus
761 1307 850 1343 satis,

198 1356 317 1397 pabuli
327 1355 427 1388 causa
434 1381 446 1395 ‚
461 1358 562 1388 datur
565 1357 731 1401 jumentis.
748 1355 852 1390 Idem

205 1408 282 1442 sere
294 1408 412 1442 Varro
426 1405 472 1442 de
485 1409 537 1442 Re
550 1408 695 1443 Rustica
706 1433 717 1451 ‚
731 1408 793 1442 lib.
811 1409 846 1450 Ι,

204 1472 284 1506 cap.
306 1459 364 1494 31.
382 1460 473 1495 Vid.
497 1459 551 1496 ad'
566 1462 701 1496 Juven.
721 1470 787 1496 sat.
807 1462 848 1504 1,

204 1526 239 1548 v.
257 1512 378 1547 86.-A.

252 1566 309 1611 78.
327 1567 466 1599 Venerit
483 1567 570 1599 hunc
586 1567 757 1614 dominus]
774 1567 851 1601 Ma-

204 1617 430 1652 numissurus
446 1631 592 1653 servum
610 1618 779 1654 dominus
795 1632 852 1653 co-

202 1683 280 1704 ram
297 1680 451 1718 praetore
475 1684 559 1705 eum
582 1671 748 1715 sistebat3
768 1684 852 1706 mox

203 1723 243 1757 in
259 1724 385 1758 orbem
410 1724 668 1759 circumactum
692 1724 851 1760 dimitte-

202 1776 280 1817 bat,
293 1788 332 1810 ac
345 1789 418 1811 suae
430 1778 529 1811 velut
544 1778 772 1824 relinquebat
786 1790 851 1824 po-

202 1829 341 1871 testati,
360 1829 416 1863 his
437 1830 556 1863 verbis
572 1842 580 1862 :
607 1834 701 1863 Hunc
717 1833 852 1863 liberum

204 1894 269 1914 esse
288 1884 377 1914 volo.
394 1882 492 1915 Alex.
517 1882 559 1915 ab
579 1877 680 1916 Alex.
698 1882 763 1916 lib.
779 1883 851 1924 IV,

204 1945 281 1980 cap.
297 1937 558 1968 10.-—Momento
574 1936 719 1967 turbinis.
731 1934 851 1968 Punc-

202 1993 242 2019 ιο
251 1985 316 2019 illo
330 1986 502 2032 temporis
510 1998 585 2032 quo
598 1988 692 2019 turbo
704 1986 783 2028 ille,
792 1987 850 2022 vel

203 2049 312 2086 gyrus
330 2045 366 2072 et
384 2038 617 2072 circumactio
632 2038 687 2072 fit.
706 2039 748 2072 A.

250 2107 308 2141 79.
335 2098 466 2129 Marcus
488 2099 629 2141 Dama]
654 2096 782 2130 Statim
807 2102 850 2132 ut

202 2148 369 2184 libertate
379 2148 500 2183 donati
511 2159 626 2184 essent
635 2151 748 2194 servi,
757 2164 849 2197 prae-

160 2200 168 2206 ’
202 2213 336 2236 nomen
347 2203 588 2246 assumebant,
602 2215 642 2237 ac
652 2204 850 2251 praesertim

201 2267 410 2301 prenomen
423 2265 459 2291 et
471 2268 604 2290 nomen
620 2256 756 2291 domini
775 2257 845 2291 sui.

201 2310 333 2341 Marem
340 2316 458 2342 autem
470 2317 546 2350 erat
554 2322 762 2356 praenomen
775 2323 848 2357 quo

200 2360 340 2396 nobiles
368 2362 521 2396 Romani
555 2363 709 2398 maxime
738 2365 847 2410 jacta-

200 2421 303 2447 rent:
322 2427 426 2459 nam,
442 2424 484 2450 ut
501 2415 551 2450 ait
567 2415 692 2451 Horat.
708 2417 768 2450 lib.
783 2417 822 2449 ΙΙ
834 2440 845 2458 ,

201 2474 266 2499 sat.
287 2469 306 2501 5
322 2480 332 2500 ε

882 2144 899 2155 ν

908 849 1048 857 .....
1070 826 1213 858 Gaudent
1225 828 1412 867 praeuomine
1424 827 1533 859 molles

904 874 1055 905 Auriculae
1058 896 1511 905 ...............

905 933 1024 974 Quam
1044 933 1235 967 vanitatem
1256 932 1384 967 irridet
1408 932 1552 968 Persius

905 987 1088 1033 frequenti
1112 986 1172 1020 illa
1194 982 1410 1033 repetitione
1432 987 1552 1020 nomi-

905 1040 960 1074 nis
978 1043 1168 1072 Mamm...
1184 1043 1357 1072 Μαντὼ...
1377 1042 1552 1072 Alana...

905 1098 1067 1137 -Papae
1083 1098 1098 1125 l
1121 1096 1234 1125 Marco
1259 1093 1434 1135 spondente
1459 1104 1553 1124 recu-

905 1160 974 1186 sas,
992 1152 1064 1179 etc?
1079 1144 1278 1178 Admiratio
1295 1136 1440 1179 ironiea.
1460 1144 1550 1178 Tam

902 1201 1001 1234 bono
1015 1212 1115 1239 nunc
1136 1210 1308 1245 sponsore
1319 1223 1330 1241 ,
1344 1209 1389 1232 an
1411 1209 1553 1232 recusas

901 1252 1094 1299 pecuniam
1110 1250 1257 1285 credere
1268 1247 1289 1283 ἶ
1299 1251 1342 1283 Α.

951 1305 1008 1338 8ο.
1018 1307 1131 1337 Marco
1138 1305 1313 1349 subjudice
1317 1303 1552 1347 palles.›]Ci1m

903 1357 949 1391 sit
967 1368 1064 1390 nunc
1082 1356 1139 1390 vir
1156 1355 1294 1402 probus
1310 1363 1348 1389 et
1362 1354 1476 1401 judex
1493 1355 1550 1389 in-

902 1410 1132 1456 tegerrimus,
1145 1417 1187 1442 tu
1201 1407 1436 1442 nihilominus
1447 1408 1552 1442 times

902 1462 941 1496 in
953 1461 1135 1508 judicium
1148 1461 1272 1495 venire
1285 1461 1294 1494 Ξ
1317 1477 1333 1491 ι
1347 1460 1474 1494 Obiter
1488 1473 1551 1495 ve-

906 1531 921 1545 «
935 1527 978 1548 ro
990 1540 1001 1556 ‚
1020 1515 1141 1561 inquit
1159 1513 1475 1566 Casaub3Persius
1493 1515 1550 1548 in-

906 1584 920 1598 ·
935 1566 1180 1614 dignationem
1191 1578 1290 1600 suam
1301 1565 1438 1612 prodit,
1449 1565 1553 1612 quod

906 1637 920 1650 ·
936 1628 1075 1667 pateret
1088 1621 1147 1654 illa
1162 1627 1262 1653 aetate
1276 1618 1442 1666 judicum
1457 1618 1552 1652 ordo

905 1691 921 1704 ι
936 1674 1042 1708 etiam
1064 1672 1203 1706 libertis
1218 1698 1228 1713 ‚
1251 1671 1479 1718 solerentque
1505 1683 1551 1706 ex

907 1744 921 1757 ι
938 1727 980 1760 iis
994 1725 1134 1773 judices
1148 1725 1231 1772 legi.
1250 1740 1266 1755 υ

952 1776 1009 1813 81.
1047 1782 1177 1812 Marcus
1217 1779 1305 1811 dixit
1322 1789 1335 1809 .·
1369 1778 1416 1810 ica
1457 1786 1515 1810 est.
1536 1779 1550 1822 ]

903 1834 1008 1872 Αὐτὸς
1022 1834 1105 1879 ἔφα,
1123 1841 1166 1867 ut
1189 1831 1236 1866 de
1249 1830 1463 1877 Pythagora·
1484 1832 1548 1864 In-

903 1885 1011 1932 signis
1036 1893 1073 1918 et
1100 1884 1218 1931 turpis
1243 1881 1423 1924 adulatio,
1440 1884 1547 1929 cujus

901 1939 984 1986 vide
1001 1938 1166 1985 exempla
1186 1937 1286 1984 apud
1308 1935 1547 1982 Theophrast.

903 1987 981 2039 cap.
1008 1993 1081 2038 περὶ
1113 1993 1296 2032 κολακείας.
1315 2012 1363 2018 --
1382 1995 1523 2036 Assigna
1536 2017 1550 2032 ,

902 2049 1032 2085 Marce,
1051 2047 1198 2078 tabellas.
1212 2045 1379 2080 Suscribe
1395 2054 1430 2079 et
1448 2047 1548 2092 signa

901 2098 1000 2132 testis
1036 2106 1193 2144 rogatus.
1224 2097 1333 2145 Apud
1367 2099 1547 2132 Romanos

901 2150 1021 2185 adesse
1044 2151 1234 2197 oportebat
1262 2151 1480 2185 testamentis
1510 2158 1546 2183 et

899 2205 1098 2239 suscribere
1111 2216 1151 2238 ac
1166 2205 1304 2251 signare
1321 2212 1458 2250 septem
1476 2211 1544 2237 tes-

900 2267 975 2299 teS,
993 2258 1058 2304 qui
1078 2257 1174 2291 cives
1196 2265 1310 2291 essent
1332 2256 1483 2288 Romani
1509 2263 1546 2289 et

899 2311 1067 2357 puberes.
1091 2310 1142 2343 Ut
1166 2309 1318 2342 habetur
1341 2307 1406 2339 lib.
1433 2307 1546 2349 XXI,

899 2362 1107 2409 paragraph.
1120 2373 1134 2394 1
1144 2362 1186 2394 D.
1196 2359 1241 2393 de
1248 2359 1493 2393 Testamentis.
1505 2359 1546 2392 P.

947 2416 967 2448 8
972 2428 1005 2448 2.
1020 2418 1097 2446 Haec
1108 2425 1197 2445 mera
1208 2414 1355 2444 libertas!
1361 2412 1368 2457 Ι
1381 2411 1544 2454 Scilicet,

898 2467 997 2501 addit
1005 2470 1127 2512 poeta,
1139 2466 1215 2498 haec
1229 2473 1280 2499 est
1292 2464 1437 2499 libertas
1446 2477 1543 2499 mera

246 2573 290 2602 V.
311 2573 366 2611 78.
382 2575 544 2606 Memento
565 2573 709 2605 turbinis.
732 2574 839 2606 Codd.
861 2573 1010 2615 plerique
1033 2579 1192 2603 momento
1210 2572 1381 2614 temporis:
1395 2572 1454 2604 sed
1469 2573 1541 2605 haec

203 2623 253 2653 lec
258 2623 303 2654 tio
322 2625 460 2666 glossam
477 2627 615 2657 redolet.

249 2676 291 2704 V.
310 2678 363 2706 82.
381 2678 458 2708 Hoc.
477 2680 555 2710 Hoec
574 2690 636 2721 pro
658 2678 718 2709 lzoc
739 2677 863 2709 habent
880 2677 978 2708 codd.
1000 2676 1097 2707 multi
1108 2700 1118 2715 ‚
1132 2684 1220 2708 inter
1238 2688 1323 2719 quos
1341 2677 1485 2710 Colbert.
1503 2680 1539 2717 1,

204 2727 361 2761 Pithoeus
379 2732 411 2762 11
421 2753 431 2770 ‚
449 2739 559 2764 noster
575 2739 607 2764 et
623 2732 690 2764 alii.
708 2733 752 2763 At
770 2741 887 2774 parum
901 2730 1043 2763 interest.
1063 2730 1201 2778 EtLAvet.
1216 2731 1414 2771 Britannici,
1428 2731 1514 2763 hanc
1527 2742 1538 2760 .-
