1898 3216
297 303 300 306 ¹
363 302 1721 320 ΜΜΜΒἊΜΜΜἏὮἋἮΜΒἏἏὯΜΜΜΜΜΜΜ

498 416 1585 502 A„PERSIIFLACCI

889 593 1181 661 VITA.

362 751 578 830 Annus
610 784 843 826 PEnqus
879 782 1120 825 Fucens
1152 793 1277 825 natus
1304 794 1366 826 est
1398 784 1540 843 pridie
1566 785 1715 830 Nonas

353 861 592 904 decembris
611 893 623 913 ‚
637 853 643 856 ’
656 859 791 901 Fabio
832 859 1003 901 Persico
1021 892 1034 913 ‚
1066 859 1113 901 L.
1149 860 1327 903 Vitellio
1367 862 1484 905 Coss.
1519 863 1713 907 Decessit

358 939 466 980 VIII
503 939 601 980 Kal.
637 936 831 979 decemb.
872 936 1041 978 Rubrio
1070 937 1211 979 Mario
1222 969 1234 991 ,
1259 937 1414 981 Asinio
1445 939 1571 982 Gallo
1604 956 1714 985 coss.

355 1017 493 1058 Natus
522 1016 568 1056 in
597 1014 770 1055 Etruria
789 1013 1048 1069 volaterris,
1067 1015 1207 1073 Eques
1232 1015 1476 1070 Romanus,
1501 1019 1715 1077 sanguine

352 1104 396 1135 et
421 1092 628 1134 affinitate
655 1091 787 1149 primi
817 1092 983 1133 ordinis
1008 1092 1110 1134 viris
1137 1093 1417 1150 conjunctus:
1442 1093 1628 1138 decessit
1653 1095 1711 1139 ad

352 1180 551 1211 octavum
563 1162 831 1223 milliarium,
847 1169 916 1211 via
927 1170 1068 1228 Appia
1079 1203 1091 1223 ‚
1109 1170 1153 1212 in
1166 1170 1338 1229 praediis
1350 1172 1452 1214 suis.
1470 1171 1599 1215 Pater
1615 1174 1709 1230 ejus

349 1245 530 1287 Flaccus
560 1245 779 1303 pupillum
809 1246 985 1303 reliquit
1013 1248 1202 1288 moriens
1214 1279 1225 1300 ,
1251 1262 1468 1290 annorum
1498 1249 1588 1292 fere
1621 1265 1708 1292 sex.

349 1322 503 1363 Fulvia
515 1322 713 1364 Sisennia
727 1321 787 1380 (1)
802 1332 937 1364 mater
954 1323 1101 1380 nupsit
1115 1334 1262 1381 postea
1276 1324 1411 1366 Fusio
1422 1357 1434 1378 ‚
1452 1326 1604 1388 Eqniti
1618 1328 1710 1369 Ro-

348 1413 478 1441 mano
493 1412 503 1439 :
524 1409 567 1441 et
580 1413 682 1441 eum
700 1412 873 1456 quoque
887 1399 1042 1440 extulit
1055 1398 1170 1440 intra
1184 1414 1346 1457 paucos
1362 1416 1512 1443 annos.
1530 1402 1709 1445 studuit

348 1476 521 1518 Flaccus
544 1490 684 1533 usque
719 1475 775 1517 ad
807 1490 973 1517 annum
1003 1476 1093 1518 XII
1119 1476 1355 1519 Volaterris
1379 1492 1389 1519 :
1418 1477 1521 1520 inde
1554 1480 1705 1522 Romae

345 1552 462 1611 apud
479 1552 809 1612 grammaticum
827 1552 1062 1594 Remnium
1079 1552 1370 1595 Palaemonem
1385 1585 1398 1606 ‚
1415 1564 1460 1595 et
1478 1554 1597 1613 apud
1616 1555 1710 1598 rhe-

344 1641 482 1672 torem
512 1629 771 1688 Verginium
802 1628 1018 1671 Flaccum.
1051 1629 1163 1671 Cnm
1193 1640 1302 1671 esset
1331 1631 1683 1681 annorumsXVI
1693 1664 1708 1685 ‚

343 1707 530 1749 amicitia
547 1707 676 1766 coepit
692 1706 759 1748 uti
775 1707 929 1749 Annaei
952 1707 1136 1748 Cornuti
1153 1739 1166 1760 ,
1187 1706 1247 1748 ita
1267 1717 1318 1749 ut
1335 1707 1391 1749 ab
1416 1722 1471 1750 eo
1488 1707 1705 1766 nusquam
1725 1702 1729 1707 ’

344 1785 601 1827 discederet:
616 1800 640 1826 a
653 1800 740 1843 quo
753 1783 1025 1826 introductus
1038 1784 1308 1842 aliquatenus
1319 1784 1366 1826 in
1378 1784 1704 1844 philosophiam

341 1873 417 1904 cst.
437 1862 606 1904 Amicos
623 1861 777 1904 habuit
794 1877 818 1903 a
835 1861 977 1920 prima
993 1860 1281 1904 adolescentia
1299 1861 1483 1903 Caesium
1499 1862 1677 1904 Bassum
1688 1894 1703 1916 ‚

339 1950 384 1981 ct
410 1940 694 1998 Calpurnium
723 1939 937 1982 Staturam
949 1971 962 1993 ,
986 1939 1064 1997 qui
1093 1953 1146 1981 eo
1172 1939 1272 1981 vivo
1297 1938 1469 1997 juvenis
1496 1938 1695 1984 decessit.

340 2017 486 2058 Coluit
510 2027 560 2058 ut
582 2028 750 2075 patrem
779 2016 1011 2059 Servilium
1042 2016 1312 2059 Nonianum.
1345 2015 1428 2058 Per
1457 2016 1701 2058 Cornutum

339 2095 543 2153 cognovit
555 2094 769 2136 Annaeum
785 2094 915 2137 etiam
932 2094 1154 2136 Lucanum
1166 2124 1178 2147 ,
1197 2108 1435 2150 aequaevum
1451 2092 1698 2135 auditorem

339 2171 536 2212 Cornuti.
551 2171 664 2213 Nam
680 2173 912 2225 Cornutus,
930 2171 1006 2213 illo
1021 2181 1234 2229 tempore,
1249 2169 1435 2227 tragicus
1449 2168 1554 2222 fuit,
1570 2179 1697 2227 sectae

340 2248 483 2289 stoicae
495 2279 507 2300 ,
524 2247 598 2304 qui
613 2247 748 2289 libros
765 2246 1050 2306 philosophiae
1066 2245 1251 2302 reliquit.
1269 2244 1355 2286 Sed
1371 2244 1568 2286 Lucanus
1586 2242 1695 2286 adeo

340 2323 583 2364 mirabatur
592 2323 748 2382 scripta
754 2322 976 2382 Flacci(2)‚
985 2333 1034 2365 ut
1044 2323 1116 2365 vix
1128 2321 1332 2364 retineret
1341 2335 1386 2363 se
1399 2320 1475 2363 illo
1487 2320 1699 2363 recitante

387 2468 400 2510 <
408 2468 441 2511 ι)
471 2470 582 2500 Fulvia
614 2469 799 2512 Sisennia]
831 2468 876 2502 In
907 2465 1127 2512 quibusdam
1153 2464 1365 2501 codicibus:
1391 2465 1518 2502 Fulvia
1543 2465 1695 2501 Sisenna

339 2533 451 2559 mater
475 2526 597 2572 nupsit
622 2535 744 2573 postea
767 2526 897 2561 Fuscio
918 2525 989 2573 Eq.
1008 2527 1183 2560 Romano.
1204 2525 1251 2559 Et
1270 2524 1381 2572 paulo
1398 2531 1506 2572 post:
1525 2523 1690 2560 Gessium

336 2585 483 2617 Bassum
502 2593 537 2618 et
555 2584 792 2631 Calpurnium
808 2585 1004 2620 Statucam.

385 2643 439 2687 (2)
473 2644 656 2675 Mirabatur
684 2645 802 2687 scripta
827 2646 973 2688 Flacci.]
999 2643 1056 2678 Al.
1084 2642 1310 2690 scripturam
1331 2641 1448 2680 Flacci
1474 2650 1516 2679 ut
1543 2656 1576 2680 V·
1599 2655 1633 2679 r·
1656 2654 1686 2678 8.

345 2701 365 2733 ἰ.
378 2714 406 2735 r.
424 2713 455 2735 a.
478 2713 510 2735 c.
532 2700 619 2747 quin
642 2701 699 2736 illa
718 2714 790 2738 esse
808 2714 891 2740 vere
907 2701 1048 2751 poetica
1068 2700 1217 2738 diceret.
