1846 3184
317 258 371 302 52

657 261 708 300 A.
740 257 984 300 PERSII
1029 258 1282 300 FLACCI

372 339 540 382 Idcirco
562 339 759 382 stolidam
782 341 943 398 praebet
964 340 1044 382 tibi
1063 340 1218 382 vellere
1238 339 1418 382 barbam

370 415 567 474 Jupiter?
585 426 660 457 aut
677 415 884 473 quidnam
900 426 985 473 est,
1004 417 1089 473 qua
1103 426 1152 457 tu
1169 414 1364 458 mercede
1381 416 1571 458 Deorum

371 492 536 534 Emeris
552 490 788 533 auriculas?
807 491 1013 549 pulmone
1031 502 1073 533 et
1089 491 1272 532 lactibus
1287 490 1458 532 unctis?

1604 496 1652 531 30

370 568 481 611 Ecce
504 568 619 620 avia,
642 579 716 610 aut
740 578 935 609 metuens
959 567 1106 619 divum
1131 577 1374 622 matertera,
1394 567 1515 609 cunis

312 700 391 724 sum
406 714 416 730 ‚
439 689 514 735 ipse
537 689 636 722 locus
664 688 816 722 intactus
838 687 953 722 securi

311 743 419 776 fiebat
444 742 876 783 lucus.—-Evitandumque
906 742 954 772 bi-

310 797 434 827 dental.
463 793 628 839 Appellat
665 794 808 825 bidental
834 793 953 838 ipsum

310 847 539 892 fulguritum,
548 845 690 891 po'e'tica
699 845 838 879 licentia
850 857 858 877 ε
871 857 954 877 nam

309 900 417 946 vulgo
437 900 484 932 ita
502 899 675 932 vocabant
693 898 813 931 locum
826 897 885 930 cui
898 909 953 930 re-

308 951 395 997 ligio
412 959 562 998 propter
580 951 685 984 talem
706 962 825 982 casum
845 960 954 982 acces-

309 1010 423 1044 serat3
438 1003 529 1045 quod
547 1003 579 1033 in
599 1013 636 1032 eo
658 1001 835 1032 bidentibus
853 1001 952 1032 sacri-

303 1057 466 1101 ficarent,
479 1053 599 1099 inquit
613 1052 746 1085 Festus.
762 1054 953 1085 Evicandum

310 1107 397 1141 dicit
410 1131 420 1147 ‚
440 1107 525 1152 quia
536 1131 545 1147 ,
560 1114 601 1139 ut
625 1104 854 1138 Marcellinus
879 1105 928 1138 ait
940 1129 951 1145 ‚

308 1160 374 1194 lib.
400 1160 530 1193 XXIII
556 1171 564 1191 :
596 1160 657 1191 lzoc
683 1160 777 1190 modo
803 1166 952 1190 contacta

308 1217 381 1246 loca
405 1227 464 1246 nec
490 1214 615 1245 calcari
626 1212 813 1256 fulgurales
837 1213 952 1243 debere

302 1268 523 1310 pronuntiant
535 1266 618 1298 libri.
643 1263 686 1297 C.

357 1319 414 1351 28.
430 1317 607 1362 stolidam]
626 1317 751 1349 Recte:
767 1327 848 1349 nam
862 1314 950 1348 fatui

308 1379 344 1405 et
365 1371 463 1404 babae
488 1368 644 1403 hominis
671 1376 707 1401 et
728 1367 950 1414 abjectissimi

307 1424 401 1457 foret
419 1434 517 1456 suam
536 1421 683 1454 barbam
699 1420 859 1466 praebere
879 1419 950 1454 vel-

305 1475 462 1510 lendam.
494 1475 547 1507 De
572 1473 642 1507 hoc
669 1473 767 1518 gravi
790 1471 949 1506 ludibrio

305 1528 383 1564 vid.
399 1541 481 1575 sup.
495 1535 559 1561 sat.
575 1527 612 1569 Ι,
626 1540 663 1560 v.
678 1525 757 1559 133.
768 1546 816 1552 -
828 1528 950 1558 Vellere

309 1583 460 1613 barbam.
482 1577 621 1611 Alludit
645 1576 689 1610 ad
714 1577 848 1611 factum
865 1576 949 1609 Dio-

308 1633 402 1681 nysii
418 1631 627 1679 Syracusani
650 1630 732 1664 satis
748 1638 887 1664 notum.
909 1630 949 1663 C.

357 1699 414 1731 29.
430 1690 500 1718 Aut
517 1687 674 1728 quidnam
694 1686 761 1728 est-J
772 1684 843 1717 Aut
861 1682 951 1730 quid

307 1738 484 1774 mercedis
506 1746 578 1779 est,
601 1739 672 1784 qua
697 1745 739 1770 tu
764 1736 890 1770 emeris
915 1744 951 1770 et

309 1791 552 1826 conciliaveris
567 1790 634 1823 tihi
650 1801 750 1824 aures
764 1796 799 1823 et
814 1788 951 1835 patien-

305 1846 392 1879 tiam
404 1845 563 1877 Deorum
575 1842 590 1876 Ξ)

357 1897 414 1930 3ο.
430 1898 586 1928 Pulmone
609 1904 642 1927 et
660 1896 793 1927 lactibus
806 1896 950 1938 unctis?]

306 1948 497 1995 Numquid
514 1948 688 1994 pulmone
705 1955 740 1980 et
757 1947 950 1993 pinguibus

306 2002 485 2037 intestinis
509 2001 575 2034 tibi
597 2012 722 2034 eorum
744 2000 898 2033 favorem
917 2007 951 2033 et

306 2056 448 2091 veniam
475 2052 700 2100 comparasti.
724 2069 738 2082 α
754 2052 951 2087 Aristotelis

312 2125 327 2138 α
343 2115 563 2154 praeceptum
580 2114 650 2145 est,
666 2104 785 2151 inquit
797 2104 948 2138 Casaub.

311 2177 326 2190 u
343 2161 380 2194 in
400 2167 480 2194 tert.
504 2158 686 2192 Rhetoric.
705 2157 843 2204 quoties
854 2158 950 2192 vitu-

313 2231 327 2244 ·
343 2213 483 2260 perabis
496 2210 633 2257 aliquid
649 2236 660 2253 ,
678 2219 719 2244 ut
733 2223 778 2244 ex
793 2210 834 2244 iis
847 2236 856 2251 ‚
873 2223 951 2257 quae

312 2283 327 2296 ι
342 2264 387 2299 ad
399 2277 510 2311 genus
522 2263 617 2297 idem
628 2263 827 2309 pertinent,
840 2262 877 2296 id
890 2275 953 2309 po-

312 2334 327 2347 ·
342 2330 403 2351 nas
412 2315 726 2363 quodvilissimum
735 2324 805 2349 est:
815 2316 954 2361 quoties

313 2387 326 2399 ι
342 2369 486 2403 laudare
504 2369 689 2409 instituas,
704 2366 743 2401 id
766 2366 867 2414 quod
886 2380 952 2401 no-

314 2439 328 2452 «
343 2422 554 2455 bilissimum
581 2434 590 2453 :
618 2428 712 2454 recte
743 2420 853 2467 igitur
882 2420 953 2455 hoc

313 2492 327 2504 «
343 2482 522 2520 praecepto
537 2485 620 2507 usus
633 2482 684 2506 est
695 2472 857 2515 Persius;
869 2484 953 2507 nam

313 2544 326 2557 α
344 2540 383 2560 ex
394 2527 561 2560 omnibus
569 2539 647 2573 quae
655 2524 952 2568 Diisofferuritur,

314 2596 328 2608 ι
345 2580 433 2625 quid
459 2580 564 2614 vilius
593 2580 767 2626 pulmone
795 2587 830 2613 et
855 2579 954 2613 lacti-

314 2647 329 2662 «
343 2632 409 2665 hus
419 2632 434 2666 Ρ
446 2649 460 2663 ι

472 2653 518 2659 -
526 2634 685 2666 Luctibus.
698 2633 818 2668 Lactes
831 2631 957 2668 dicun-

1006 695 1065 721 tur
1086 695 1202 748 partes
1229 686 1402 721 intestinae
1424 686 1650 734 graciliores,

1006 740 1105 786 quasi
1126 740 1215 774 lacte
1238 739 1481 782 candidiores,
1501 749 1537 774 et
1559 740 1650 774 mol-

1003 791 1122 826 liores.
1140 813 1187 818 —
1208 795 1324 825 Unctis.
1358 793 1482 854 Lautis
1510 801 1544 827 et
1568 793 1650 839 pin-

1006 844 1148 890 guibus.
1177 844 1219 878 P.

1054 896 1107 930 31.
1119 900 1216 936 Ecce,
1228 897 1300 943 eea]
1313 897 1649 932 Eccetransitionem

1004 948 1159 982 indicat:
1175 961 1258 982 nam
1275 947 1320 983 ad
1341 949 1568 996 aliud'genus
1586 962 1650 984 vo·

1005 1010 1126 1035 torum
1142 1001 1268 1035 transit
1279 1026 1290 1043 ‚
1306 1013 1387 1048 qum
1405 1002 1471 1036 etsi
1486 1014 1560 1036 non
1575 1010 1648 1035 tam

1005 1052 1205 1087 damnanda
1220 1052 1390 1089 videntur
1399 1077 1410 1095 ,
1423 1061 1459 1087 et
1475 1054 1596 1100 potius
1609 1054 1648 1087 in

1004 1105 1209 1140 infirmitate
1235 1113 1270 1139 et
1293 1105 1472 1152 imperitia
1493 1105 1650 1140 humana

1004 1159 1179 1206 originem
1189 1159 1322 1192 habent
1331 1183 1341 1200 ‚
1354 1158 1588 1193 nihilominus
1600 1171 1651 1193 sa-

1004 1212 1071 1245 tira
1089 1210 1195 1258 digna
1211 1210 1421 1258 judicantur
1432 1237 1443 1255 ,
1460 1212 1572 1246 veluti
1590 1224 1650 1246 su-

1002 1277 1199 1311 pervacua,
1215 1265 1414 1311 perniciosa
1431 1274 1469 1300 et
1480 1266 1651 1312 supersti-

1003 1318 1091 1351 tiosa
1101 1342 1112 1359 ‚
1123 1318 1240 1364 qualia
1250 1319 1309 1352 illa
1319 1330 1399 1365 quae
1408 1326 1571 1364 suscepta
1581 1330 1650 1364 pro

1003 1371 1132 1417 opibus
1151 1396 1161 1411 ‚
1193 1372 1351 1416 potentia
1370 1396 1382 1413 ‚
1416 1371 1621 1418 eloquentia
1633 1396 1646 1413 ,

1002 1424 1146 1458 militari
1159 1424 1283 1470 gloria,
1296 1425 1401 1466 fama,
1413 1425 1648 1471 longaevitate,

1002 1476 1115 1510 forma
1128 1501 1139 1518 ‚
1160 1484 1228 1510 etc.
1241 1502 1252 1519 ,
1266 1477 1358 1510 miro
1379 1476 1506 1510 ordine
1527 1489 1648 1523 perse-

1002 1529 1129 1575 quitur
1155 1529 1356 1570 Juvenalis,
1376 1537 1440 1562 sat.
1463 1530 1519 1570 X,
1538 1541 1649 1576 quem

1001 1581 1085 1616 vide
1110 1582 1139 1616 si
1163 1582 1292 1628 placet.
1324 1583 1366 1616 A.
1387 1602 1436 1608 -—
1450 1585 1532 1615 Ecce
1555 1584 1644 1616 avia.

1005 1651 1020 1664 ι
1035 1634 1133 1668 Olim
1150 1635 1294 1682 (inquit
1308 1635 1477 1684 Casaub.)
1493 1645 1568 1668 non
1581 1642 1649 1668 sta-

1005 1702 1020 1716 «
1034 1686 1100 1719 tim
1110 1694 1152 1719 ut
1166 1694 1240 1720 erat
1259 1694 1364 1720 natus
1382 1686 1499 1720 infans
1519 1687 1649 1733 aliquis

1004 1747 1071 1773 «et
1079 1740 1179 1773 tolli
1161 1751 1366 1786 jussus‚pro
1374 1739 1474 1773 vitali
1482 1748 1517 1773 et
1525 1741 1649 1787 γονίμῳ

1005 1807 1020 1820 ι
1036 1800 1143 1837 partu
1161 1791 1375 1832 habebatur-3
1392 1790 1455 1825 sed
1476 1791 1649 1838 aliquam-

1006 1858 1021 1874 «
1036 1845 1139 1878 multi
1156 1845 1453 1890 exspectabantur
1468 1843 1544 1878 dies
1554 1869 1566 1888 ,
1586 1845 1650 1892 qui

1006 1896 1145 1931 «fidem
1161 1897 1317 1931 facerent
1331 1897 1446 1932 vitalis
1457 1897 1599 1932 foetus..

1006 1967 1021 1980 ι
1036 1951 1174 1992 Quinto
1194 1950 1252 1984 die
1266 1963 1334 1997 pro
1351 1963 1466 1997 puero
1489 1963 1584 1985 sacra
1599 1950 1650 1985 fa-

1006 2019 1021 2033 «
1036 2015 1115 2037 cere
1144 2004 1304 2037 solebant
1327 2003 1478 2037 Romani
1497 2016 1509 2047 ς
1537 2011 1574 2038 et
1593 2000 1648 2048 ‘de

1006 2072 1020 2086 ι
1034 2064 1142 2102 partu
1166 2057 1283 2090 vitalis
1305 2065 1392 2091 esset
1402 2081 1414 2097 ‚
1435 2068 1548 2090 necne
1560 2080 1572 2098 ,
1587 2056 1646 2090 Pi-

1005 2125 1021 2138 ι
1034 2108 1150 2142 lumni
1162 2108 1295 2142 lectum
1312 2109 1554 2143 consulebant.
1568 2108 1647 2142 Ser-

1005 2177 1020 2190 «
1036 2161 1114 2194 vius
1130 2173 1138 2192 ε
1160 2164 1265 2193 Varro
1278 2163 1461 2194 Pilumnum
1476 2170 1510 2193 ee
1518 2162 1646 2193 Picum-

1006 2229 1021 2243 ι
1036 2225 1113 2245 num
1122 2213 1294 2255 infantium
1303 2215 1387 2245 Deos
1394 2225 1456 2245 esse
1463 2214 1528 2251 ait,
1537 2213 1648 2255 eisque

1007 2281 1022 2295 ι
1031 2278 1096 2308 pro
1099 2277 1262 2307 puerpera
1274 2267 1389 2297 lectum
1399 2266 1432 2297 in
1441 2266 1526 2296 atrio
1533 2266 1644 2302 sterni,

1009 2333 1023 2346 ι
1037 2319 1113 2349 dum
1136 2319 1343 2360 exploretur,
1366 2329 1411 2349 an
1442 2318 1527 2349 utilis
1547 2316 1646 2363 (lege

1008 2386 1023 2400 ι
1038 2370 1155 2404 forsan
1175 2371 1312 2414 vitalis)
1326 2370 1386 2408 sit,
1403 2371 1463 2412 qui
1476 2379 1572 2402 natus
1587 2379 1646 2403 est.

1008 2439 1023 2452 ι
1039 2422 1102 2456 His
1115 2422 1326 2456 caerimoniis
1338 2430 1373 2456 et
1388 2422 1464 2456 aliis
1474 2422 1625 2468 peractis
1634 2447 1646 2464 ‚

1007 2491 1022 2505 ι
1036 2477 1197 2508 lustricam
1221 2475 1414 2509 infantium
1440 2474 1537 2508 diem
1559 2474 1650 2509 cele-

1008 2544 1023 2558 «
1036 2527 1206 2569 brabant;
1222 2527 1285 2574 qui
1302 2527 1369 2561 fuit
1384 2535 1531 2561 octavus
1543 2527 1648 2574 puel·

1009 2597 1024 2611 ι
1038 2581 1155 2614 larum
1164 2605 1174 2620 ‚
1187 2592 1306 2614 nonus
1326 2592 1524 2626 puerorum
1535 2604 1547 2621 ‚
1562 2591 1646 2613 auc-

1011 2649 1026 2664 ι
1041 2633 1180 2669 toribus
1194 2632 1298 2669 Festo
1307 2657 1319 2681 2
1331 2632 1512 2669 Plutarch.
1530 2639 1565 2668 et
1575 2632 1650 2667 Ma-
