1846 3184
502 157 531 195 f

529 213 622 297 mi
651 217 958 296 unnosvs
980 245 1195 296 suni.
1450 254 1504 298 25

403 451 501 510 Ex
540 459 759 525 Lumo
796 464 839 509 v
877 435 1315 515 summum.

847 581 879 616 I.

244 649 337 694 Quo
353 657 418 684 me
437 645 603 684 habeam
620 653 733 696 pacto
746 673 757 691 ,
775 651 905 682 tamen
923 643 995 682 etsi
1013 643 1120 682 haud
1138 644 1271 695 quaeri'
1293 643 1456 683 docebo.

240 709 408 759 Quando
425 710 467 748 in
481 724 529 748 eo
546 723 711 748 numero
732 708 874 746 measti
885 737 896 755 ‚
913 711 994 760 q‘uo
1012 708 1180 746 maxima
1198 721 1303 746 nunc
1320 718 1382 747 est

242 777 334 814 Pars
348 774 552 813 hominum
565 804 576 822 ‚
596 783 641 812 ut
659 774 816 826 periisse
831 772 927 810 velis
938 801 949 818 ‚
967 786 1087 824 quem
1107 772 1298 820 nolueris,
1314 774 1406 811 ciun

243 824 377 878 Visere
395 839 589 877 debueris.
611 841 695 876 Hoc
714 837 886 876 nolueris
897 866 908 883 ‚
926 837 965 874 et
984 837 1165 875 debueris
1182 846 1219 874 te

243 903 287 942 Si
303 901 426 953 ipinu’
446 903 634 949 delectat,
654 902 765 954 quod
783 903 916 947 ἄτεχνον
936 902 1149 940 Isocration
1166 910 1224 939 est

242 963 519 1020 ὑχζληρῦὸεςφιε
538 965 657 1006 simul
678 976 806 1005 totum
823 981 868 1005 ac
889 964 1192 1014 συμμειρωιιῶδεω

242 1036 331 1072 Non
347 1047 505 1085 operam
521 1033 658 1086 perdo.
675 1033 717 1072 Si
735 1042 779 1070 tu
793 1034 876 1072 hic.

829 1099 849 1134 Ῑ
860 1099 892 1134 I.

243 1162 343 1199 Nam
362 1162 414 1208 si,
433 1161 541 1212 quod
559 1162 649 1199 satis
666 1170 725 1199 est
742 1160 891 1200 homini
903 1189 915 1206 ,
931 1161 973 1198 id
990 1162 1081 1199 satis
1098 1174 1179 1199 esse
1199 1162 1380 1213 potisset‚

244 1227 331 1263 Hoc
350 1233 408 1262 sat
426 1233 505 1263 erat
520 1240 529 1262 :
550 1239 656 1263 nunc
678 1227 771 1263 esim
788 1227 866 1263 hoc
885 1239 966 1264 non
984 1234 1062 1272 est,
1077 1227 1351 1277 quircredimu’
1368 1239 1484 1278 porro

242 1289 405 1327 Divitias
423 1289 524 1327 ullas
540 1290 715 1340 animum
734 1290 789 1327 mi
806 1290 962 1340 explere
978 1291 1154 1341 potisse?

635 1342 649 1349 “
819 1357 838 1392 1
850 1357 869 1392 1
881 1357 914 1392 1.

244 1418 370 1456 Sicuti
388 1420 479 1456 ct'un
499 1419 647 1470 primos
666 1419 762 1456 ficos
778 1419 939 1470 propala
959 1419 1147 1458 recenteis

240 1482 408 1520 Protulit
420 1511 432 1529 ,
449 1490 488 1520 et
506 1483 632 1534 pretio
650 1483 797 1534 ingenti
815 1482 883 1521 dat
899 1484 1074 1534 primitu'
1093 1498 1252 1535 paucos·

818 1550 838 1585 I
849 1550 897 1585 V.

242 1611 284 1648 Si
300 1618 379 1648 tam
397 1613 533 1662 corpu’
552 1611 641 1650 loco
658 1611 835 1649 validum
846 1641 858 1659 ,
876 1625 922 1649 ac
940 1613 1099 1661 regione
1116 1620 1309 1658 maneret,

242 1674 456 1726 Scriptores
474 1689 594 1727 quam
611 1689 700 1714 vera
717 1684 848 1713 manet
868 1676 1056 1713 sententia
1074 1676 1196 1713 cordi.

453 1771 458 1773 .
587 1742 633 1787 χ
841 1741 889 1776 v.
957 1782 960 1785 Δ

250 1830 446 1840 ........
465 1803 559 1848 Dic,
580 1816 699 1853 quam
717 1803 882 1854 cogitat,
899 1803 957 1840 vis
975 1803 1031 1840 ire
1048 1803 1232 1841 minutim

242 1869 315 1904 Per
330 1867 603 1904 commissuras
621 1867 807 1904 rimarum
826 1868 945 1905 nocti’
961 1858 1145 1919 nigrore?

820 1933 857 1968 V
869 1933 900 1968 I.

242 1995 390 2049 Sonute
402 1993 476 2031 soli
494 1993 591 2031 mihi
611 1994 652 2031 in
670 2007 811 2046 magno
830 2008 996 2033 moerore
1008 2024 1020 2041 ‚

242 2057 412 2096 Tristitia
429 2058 471 2095 in
492 2071 663 2105 summa,
681 2072 917 2110 crepet-aque
933 2061 1104 2098 inventu'
1122 2061 1268 2100 salutis.

805 2127 841 2162 V
850 2126 869 2161 Ι
880 2126 912 2161 I.

252 2214 552 2224 ............
561 2215 579 2225 ..
596 2215 605 2223 .
626 2187 701 2224 Hic
715 2187 824 2225 solus
839 2188 1012 2240 vigilavit
1023 2219 1034 2236 ‚
1054 2191 1215 2241 opinor,

241 2251 292 2287 Et
307 2251 399 2299 einp
417 2249 460 2287 id
479 2253 534 2288 mi
552 2250 658 2288 visus
673 2250 798 2289 facere
815 2260 873 2289 est
884 2281 896 2299 ,
915 2261 1001 2290 tum
1017 2255 1112 2291 retia
1129 2254 1247 2291 nexit.

241 2383 271 2403 1.
284 2374 325 2405 A.
337 2374 465 2406 Gellius
475 2397 486 2411 ,
496 2374 558 2405 lib.
569 2375 688 2406 xvm
696 2397 707 2412 ‚
719 2385 791 2416 cap.
807 2373 837 2405 8.
938 2376 971 2406 5.
982 2376 1131 2407 Nonius:
1143 2374 1311 2412 Minuciae,
1322 2387 1386 2418 pro
1397 2385 1535 2410 minute.

239 2434 271 2455 2·
286 2415 437 2458 Nouius:
452 2426 601 2458 Multum
624 2435 657 2458 et
676 2427 754 2457 satis
770 2427 838 2457 dis-
860 2424 870 2428 ’
936 2430 968 2459 6.
996 2430 1130 2460 Nonius
1147 2440 1155 2459 :
1177 2430 1335 2470 crepera,
1354 2441 1406 2461 rec
1425 2431 1537 2463 dubia.

195 2476 286 2517 tant}
299 2480 392 2520 qnod
410 2481 555 2512 multum
575 2479 747 2510 infinitum
771 2486 837 2517 eet,
890 2482 997 2512 —Ex
1010 2484 1047 2512 F.
1063 2483 1175 2512 Dousa
1192 2481 1283 2524 lege:

195 2529 431 2572 satisfininjn.
890 2536 1486 2575 Sanemsolusmgminnoerooenmque.

242 2584 273 2614 3.
285 2583 437 2616 Nonius:
451 2587 558 2625 Dm,
571 2575 696 2630 peiere.
941 2596 970 2625 7.
988 2578 1194 2625 Prisciams,
1205 2586 1265 2617 ub.
1277 2589 1295 2618 1
1310 2588 1412 2619 am».
1429 2589 1490 2620 ιι.
1503 2591 1535 2621 A

244 2642 274 2672 4-
286 2637 428 2669 Nonius.
441 2639 602 2672 Sententia
610 2663 619 2679 ‚
633 2639 837 2672 sensibilitat-
894 2645 987 2670 necto
996 2661 1007 2675 ‚
1024 2639 1135 2678 nexui,
1147 2639 1363 2685 protulerunt
1372 2641 1535 2685 plerique.
