1898 3216
367 284 424 342 xij
836 284 1248 327 PRAEFATIO.

366 389 476 425 tum
505 379 755 443 praecipue
774 379 941 426 Persii.
970 381 1224 425 Postrema
1253 376 1472 441 denique
1497 392 1644 424 causa
1669 377 1724 423 in

366 466 756 531 interpretibus:
775 482 947 513 omnes
968 482 1164 530 nempe,
1179 467 1219 512 si
1233 464 1541 525 Turnebum,
1561 466 1651 529 qui
1670 466 1742 526 in¹

364 557 618 620 integrum
636 558 835 619 poetam
855 570 960 599 non
980 563 1345 599 commentatus
1365 562 1463 612 est,
1488 554 1720 618 excipias,

365 659 458 689 nec
482 643 706 689 Persium
736 642 937 706 penitus
962 640 1317 687 intellexerunt
1332 677 1345 699 ,
1370 656 1462 687 nec
1489 649 1622 687 recte
1645 656 1724 686 ex-

363 731 693 795 plicaverunt.
722 730 1037 776 Britannicus
1067 746 1174 776 non
1206 730 1391 776 usitato
1421 745 1512 776 suo
1534 728 1726 793 judicio

359 837 480 868 usus
501 830 589 867 est.
615 818 882 867 Murmellii
904 818 1164 883 ecphrases
1180 820 1262 865 vix
1283 818 1552 866 tolerandae
1572 829 1717 866 sunt:

359 908 540 955 Plautii
561 918 609 954 et
631 907 766 954 Badii
786 908 1004 953 Ascensii
1024 907 1348 972 paraphrases
1369 907 1584 954 insulsae.
1605 909 1720 954 Non

359 994 541 1060 loquor
579 995 641 1041 de
679 993 993 1040 versionibus
1043 995 1097 1040 in
1144 993 1337 1059 linguas
1383 994 1716 1040 recentiores:

358 1093 551 1130 cunctae
582 1084 718 1128 enim
747 1083 970 1128 Persium
1001 1083 1218 1147 turpiter
1251 1082 1374 1129 adeo
1408 1081 1719 1141 deformant,

355 1181 414 1217 ut
435 1171 505 1217 ibi
518 1171 601 1217 vix
619 1187 722 1216 una
733 1172 882 1217 satira
903 1169 1037 1217 lectu
1060 1170 1210 1235 digna
1221 1170 1468 1218 videatur.
1486 1173 1721 1235 Superest

352 1261 507 1324 igitur
537 1259 817 1306 Casauboni
849 1260 1256 1306 commentarius.
1288 1258 1469 1307 Nullus
1502 1275 1650 1317 sane,
1679 1258 1721 1305 si

350 1358 547 1395 tantam
573 1346 911 1394 eruditionem
936 1345 1128 1394 ferrent
1148 1347 1312 1394 adhuc
1343 1364 1507 1394 mores
1529 1347 1718 1403 nostri,

352 1436 532 1483 melius
568 1452 778 1500 scopum
804 1436 998 1499 attigit3
1030 1445 1080 1482 et
1113 1446 1272 1495 certe,
1293 1435 1562 1483 voluissem
1588 1451 1718 1500 opus

352 1524 664 1572 celeberrimi
686 1523 837 1587 hujus
861 1524 1021 1571 critici
1048 1534 1213 1572 totum
1235 1524 1403 1571 denuo
1425 1525 1555 1589 typis
1573 1541 1715 1570 man-

351 1613 459 1659 dari
486 1630 496 1658 :
536 1621 586 1659 at
609 1649 623 1671 ,
658 1611 836 1671 hodie,
879 1612 964 1660 vix
996 1611 1358 1677 intelligeretur
1388 1612 1713 1660 Casaubonus

346 1702 468 1764 ipse.
497 1703 669 1748 Novus
701 1701 856 1764 igitur
881 1702 1269 1748 commentarius
1295 1710 1345 1748 et
1366 1700 1641 1766 simplicior
1663 1709 1712 1747 et

351 1787 598 1835 debilitati
619 1798 802 1835 nostrae
823 1787 1244 1836 accommodatior
1263 1789 1388 1836 mihi
1409 1790 1714 1837 necessarius

348 1878 485 1924 visus
509 1887 611 1935 est,
634 1876 720 1923 sed
749 1878 802 1922 in
827 1893 930 1941 quo
947 1914 959 1936 ‚
987 1877 1167 1924 omissa
1190 1894 1302 1924 non
1323 1877 1610 1942 posthabita
1630 1894 1712 1924 ex-

350 1964 546 2012 cellenti
569 1965 874 2024 eruditione,
896 1967 1091 2012 Persius
1109 1982 1237 2030 pure
1261 1983 1316 2012 ac
1339 1966 1529 2014 sincere
1553 1964 1709 2030 expli-

348 2061 544 2098 caretur
564 2069 573 2097 ε
600 2052 738 2115 quod
769 2052 975 2116 quidem
1005 2069 1095 2118 ego
1119 2069 1214 2116 pro
1239 2055 1362 2102 meis
1387 2052 1708 2101 facultatibus

348 2149 542 2186 tentare
575 2156 679 2186 non
715 2139 957 2188 dubitavi.
994 2144 1058 2188 At
1088 2159 1192 2189 non
1227 2142 1307 2201 id,
1338 2146 1542 2200 Lector,
1572 2140 1710 2188 dissi-

347 2226 543 2274 mulare
572 2225 645 2274 fas
666 2237 766 2274 est:
791 2227 961 2275 labore
987 2229 1079 2276 tibi
1109 2246 1236 2294 opus
1261 2240 1362 2290 est,
1388 2246 1606 2294 namque
1628 2246 1638 2275 ε

454 2316 533 2364 Qui
550 2315 739 2354 nucleum
757 2329 840 2354 esse
858 2317 941 2355 volt
952 2345 963 2364 ,
982 2330 1138 2356 necesse
1157 2326 1215 2356 est
1233 2326 1279 2355 ut
1298 2318 1448 2370 frangat
1466 2330 1625 2356 nucem.

345 2396 406 2439 Et
431 2392 610 2457 vigiliis
634 2394 734 2439 tuis
763 2409 969 2457 prorsus
1001 2394 1181 2459 dignus
1209 2404 1282 2441 est
1309 2394 1554 2441 candidus
1580 2397 1701 2441 Cor-

339 2483 457 2527 nuti
491 2480 795 2546 discipulus:
825 2498 948 2547 quas
976 2484 1017 2529 si
1049 2483 1298 2547 patienter
1326 2481 1535 2529 tolerare
1565 2483 1700 2547 potis

339 2565 516 2624 fueris,
537 2567 848 2617 dulcissimos
862 2570 999 2629 inde,
1016 2561 1124 2617 turn
1139 2570 1202 2617 ad
1213 2572 1366 2617 vitam
1379 2579 1701 2636 praesentem,

343 2664 454 2703 tum
475 2654 537 2703 ad
557 2653 805 2716 futuram,
829 2656 1025 2706 fructus
1049 2658 1193 2723 leges.
1217 2660 1338 2706 Vive
1360 2669 1408 2706 et
1428 2657 1553 2706 vale.

731 2745 792 2791 N.
818 2746 872 2792 L.
897 2748 1342 2807 ACHAINTRE,
1369 2747 1687 2795 PAmsnws.
