1846 3184
368 281 425 336 94

570 279 622 319 Α.
655 277 900 320 PERSII
939 277 1193 319 FLACCI
1227 276 1363 319 SAT.
1402 276 1499 320 111.

425 361 657 402 Tentemus
676 359 844 402 fauces:
864 370 1011 401 tenero
1034 359 1136 401 latet
1156 359 1276 400 ulcus
1298 359 1343 400 in
1365 375 1440 401 ore

418 436 575 488 Putre,
598 436 716 493 quod
737 435 855 477 haud
875 435 1022 478 deceat
1044 435 1209 493 plebeia
1232 434 1379 477 radere
1400 435 1497 476 beta
1514 449 1526 476 :

425 513 575 571 Alges,
592 514 690 553 cum
706 512 889 554 excussit
905 512 1107 554 membris
1125 512 1255 554 timor
1271 512 1393 553 albus
1408 511 1575 552 aristas:

1639 513 1705 550 115

427 590 574 641 Nunc,
593 589 683 630 face
701 589 942 646 supposita,
967 589 1166 630 fervescit
1180 589 1350 647 sanguis
1362 619 1373 640 ‚
1390 599 1433 630 et
1446 588 1510 629 ira

428 666 669 708 Scintillant
692 665 836 717 oculi3
859 664 1074 722 dicisque,
1097 665 1283 722 facisque
1306 665 1424 722 quod
1442 666 1554 722 ipse,

427 742 528 784 Non
553 742 643 783 sani
666 756 753 783 esse
777 738 987 795 hominis,
1006 757 1095 784 non
1121 757 1245 783 sanus
1266 743 1381 799 juret
1404 743 1588 783 Orestes.

419 867 564 923 hagios),
586 874 774 922 ἡδύοσμον,
795 877 959 922 πήγανον,
982 877 1017 910 ἀ·

478 931 658 976 σπάραγος.

375 984 492 1023 Δείσας
513 981 546 1016 δ’
564 984 600 1016 ἐκ
614 984 735 1016 τούτων
761 983 805 1028 μὴ
829 983 884 1017 καὶ
905 982 1016 1028 χόρτον

480 1039 612 1081 παραθῇ
630 1049 702 1081 μοι,

429 1089 612 1127 Δειπνῆσσις
657 1090 788 1135 θέρμους
833 1087 1018 1134 ἧμιῧρεχεῖς

480 1143 605 1187 ἔφυγον.
626 1141 668 1173 A·

426 1224 441 1243 1
452 1209 506 1243 13.
530 1209 836 1255 Tencemusfauces]
854 1209 1020 1256 Experia-

377 1276 481 1304 mur,
495 1275 540 1296 an
554 1262 609 1296 his
623 1263 940 1296 contentus'fueris
951 1262 1021 1296 9-

381 1321 501 1350 Tenero
529 1318 609 1348 Iacet
638 1317 726 1347 ulcus
752 1317 785 1347 in
816 1327 885 1348 ore.
916 1316 1022 1351 Tunc

378 1377 558 1416 apostema
585 1368 780 1402 causaberis
793 1393 803 1410 ‚
827 1367 926 1415 quod
957 1368 1023 1403 du-

378 1423 467 1457 riori
477 1423 557 1456 cibo
571 1434 644 1456 non
663 1423 709 1456 sit
721 1421 999 1468 exasperandum
1011 1435 1022 1464 ς

379 1485 417 1524 et
437 1475 624 1510 mollitiem
652 1485 749 1509 tuam
770 1484 866 1509 certe
887 1475 1026 1522 puden-

381 1526 464 1563 dam
484 1528 617 1575 prodes
630 1553 640 1570 ‚
661 1537 696 1562 et
720 1529 887 1574 gulosum
915 1537 949 1562 te
972 1542 1026 1562 os-

381 1581 518 1616 tendes.
527 1582 564 1614 P.
575 1582 688 1615 Aliter
697 1582 849 1627 explicat
862 1581 1025 1615 eruditus

380 1635 438 1670 vir
447 1636 595 1668 Chardon
605 1636 645 1666 de
653 1637 686 1666 Ia
693 1635 898 1672 Roclzetee,cu
900 1635 958 1680 jus
968 1647 1026 1667 no-

382 1688 418 1723 ta
428 1698 492 1723 est:
506 1689 527 1722 J
529 1701 548 1722 e
555 1700 600 1721 ne
611 1687 702 1721 crois
712 1699 775 1733 pas
788 1700 859 1734 que
869 1699 908 1721 ce
919 1688 984 1721 soit
994 1688 1028 1722 le

382 1755 463 1776 sens
474 1741 518 1775 de
529 1754 567 1775 ce
578 1753 729 1787 passage.
739 1744 789 1773 On
798 1742 893 1773 vient
899 1743 938 1773 de
946 1754 1030 1774 vous

383 1797 483 1828 servir
491 1820 501 1834 ,
520 1794 574 1828 dit
584 1794 618 1828 le
629 1793 793 1827 medecin
803 1819 813 1836 ‚
826 1796 881 1826 des
892 1795 1029 1838 Ie'gumes

383 1851 460 1881 durs
471 1858 504 1880 et
512 1849 556 1880 du
563 1849 646 1891 pain
663 1849 717 1879 bis.
730 1850 814 1879 Mais
826 1857 1032 1890 auparavanc

383 1913 509 1942 voyons
518 1910 613 1932 ‘notre
619 1913 728 1944 gorge.
742 1902 791 1932 Oh
803 1905 815 1932 !
823 1902 876 1944 jssy·
885 1902 1029 1947 aperfois

386 1967 430 1986 un
449 1956 554 1986 ulcere
572 1966 610 1985 en
629 1955 838 1996 suppar-asion
848 1979 858 1993 ,
883 1955 966 1997 qu'il
989 1967 1030 1986 ne

385 2007 532 2038 convient
543 2018 606 2048 pas
627 2006 808 2036 d'excorier
828 2018 903 2037 avec
922 2018 965 2037 un
985 2006 1030 2038 Ζέ-

380 2072 477 2104 gume
493 2061 642 2103 grossier.
665 2058 697 2090 Il
723 2070 781 2091 me
806 2059 938 2092 semble
959 2071 1030 2104 que

387 2113 472 2147 c'est
498 2112 532 2146 le
557 2111 729 2145 veritable
759 2123 838 2144 sens
867 2111 912 2145 de
939 2120 1031 2146 cette

350 2160 352 2162 V
386 2165 524 2212 phrase.
538 2163 670 2198 Videat
683 2164 809 2197 lector.
827 2165 869 2198 A.

438 2238 514 2276 114.
529 2235 625 2276 Quod
634 2235 729 2266 haud
737 2235 864 2272 deceat,
878 2236 948 2278 eta]
963 2233 1031 2268 Sed

389 2299 512 2322 revera
525 2287 609 2333 quia
622 2299 696 2320 non
717 2294 750 2320 te
769 2285 872 2320 decet
890 2299 966 2320 esca
981 2299 1033 2320 ea-

340 2371 343 2373 ,
390 2341 475 2376 dem
499 2353 570 2387 qua
590 2340 750 2387 populus
775 2340 842 2373 uti.
867 2340 1033 2374 Mollitiei

390 2401 654 2441 argumentum.
666 2414 713 2419 —
723 2397 810 2426 Beta.
823 2393 940 2427 Herba
954 2394 1035 2428 nul-

390 2448 462 2482 lius
483 2447 591 2494 pretii
618 2455 653 2481 et
674 2446 821 2493 saporis.

442 2502 522 2536 115.
550 2504 663 2546 Alges,
681 2503 753 2534 ι’ἰιηι
774 2502 913 2534 excussit
919 2526 931 2540 ,
953 2502 1029 2548 eta]

392 2555 492 2588 Alius
501 2554 647 2587 morbus
660 2553 781 2593 animi,
794 2553 911 2587 timor.
921 2554 1035 2600 Alges,

392 2607 511 2653 inquit
522 2632 533 2648 ‚
547 2607 616 2640 hoc
632 2614 683 2640 est
695 2631 705 2647 ‚
723 2607 837 2652 algere
857 2614 892 2640 te
908 2606 1011 2653 fingis
1023 2631 1034 2647 ‚

393 2670 435 2695 ut
448 2661 612 2694 timorem
621 2659 1035 2703 dissimules—Excussit,

392 2726 459 2760 pro
481 2714 594 2747 erexit
604 2739 614 2756 ,
637 2714 775 2760 ὤρθωσε.
806 2714 906 2747 Nihil
937 2715 1035 2749 enim

1068 868 1167 902 aliud
1180 877 1231 902 est
1243 869 1374 903 horror
1387 871 1496 916 quam
1514 867 1646 903 erectio
1658 867 1712 915 pi·

1068 921 1189 955 lorum
1215 934 1262 955 ex
1286 921 1527 956 contractione
1549 921 1712 961 cutis,—

1070 976 1206 1007 Aristus.
1221 980 1453 1022 Μεταφορικῶς
1466 1002 1476 1017 ,
1493 976 1586 1021 pilos
1601 988 1609 1008 :
1628 987 1712 1008 nam

1071 1028 1185 1062 aristae
1205 1028 1353 1074 proprie
1371 1035 1456 1061 sunt
1475 1028 1588 1062 aculei
1606 1028 1716 1074 spica-

1070 1087 1166 1116 rum,
1177 1074 1281 1109 dictae
1294 1074 1394 1121 quod
1407 1075 1479 1109 cito
1493 1082 1661 1109 arescant.
1671 1074 1712 1108 C.

1122 1130 1200 1161 116.
1217 1129 1397 1172 Nuncficce
1407 1127 1590 1173 suppositi]
1606 1127 1715 1167 Alias,

1073 1181 1154 1216 data
1177 1182 1362 1215 occasione
1377 1207 1388 1224 ‚
1410 1181 1510 1216 velut
1531 1180 1716 1227 supposita

1073 1235 1161 1275 face,
1178 1234 1228 1267 ira
1242 1233 1490 1277 inflammaris;
1505 1242 1540 1268 et
1555 1233 1694 1267 dixeras
1704 1257 1716 1274 ,

1073 1290 1123 1321 nil
1133 1289 1217 1320 calet
1228 1287 1502 1321 hfc.——Fervescit
1510 1288 1649 1332 sanguis.
1657 1287 1717 1320 Ira

1074 1348 1191 1374 autem
1214 1353 1296 1374 vere
1316 1349 1368 1374 est
1389 1341 1507 1375 servor
1523 1339 1717 1386 sanguinis.

1076 1394 1295 1429 lamblichus
1322 1395 1359 1428 in
1387 1394 1612 1440 Protreptico
1635 1405 1644 1426 t
1671 1393 1716 1426 Τὸ

1076 1448 1127 1488 ὀξὺ
1142 1450 1197 1486 τῆς
1213 1447 1312 1492 ψυχῆς
1322 1472 1330 1485 ,
1346 1448 1423 1493 ὅπερ
1436 1449 1530 1494 θυμὸν
1544 1449 1718 1492 καλοῦμεν,

1074 1504 1228 1546 λογισμοῦ
1241 1501 1295 1535 καὶ
1309 1500 1486 1546 φρονήσεως
1498 1501 1654 1545 ἐςὲρηται-
1665 1499 1721 1532 Ζεῖ

1076 1553 1137 1599 γὰρ
1157 1555 1171 1586 ὁ
1191 1554 1284 1599 θυμὸς
1304 1553 1412 1599 ὥσπερ
1435 1551 1529 1592 λέῧης
1548 1550 1621 1598 πυρὶ
1641 1555 1719 1585 θαλ-

1078 1607 1231 1652 πόμενος.
1255 1606 1297 1639 C·

1132 1669 1145 1690 1
1155 1669 1206 1703 17.
1218 1659 1400 1690 Scintillam
1409 1658 1516 1701 ocula]
1528 1656 1717 1689 Homerus:

1081 1704 1170 1746 ὄσσε
1183 1708 1222 1750 δὲ
1239 1712 1265 1744 οἱ
1281 1711 1354 1757 πυρὶ
1365 1712 1593 1758 λαμπετόωντι
1603 1710 1720 1746 ἐΐκτην.

1082 1762 1154 1795 Cic.
1168 1762 1272 1794 Verr.
1286 1761 1371 1794 VII.
1389 1763 1561 1794 Ardebant
1576 1762 1677 1799 oculi,
1692 1768 1727 1792 et

1080 1826 1124 1846 ex
1138 1823 1202 1846 toto
1215 1827 1347 1857 corpore
1364 1815 1535 1847 crudelitas
1547 1815 1720 1846 emicabat.

1079 1887 1127 1892 —
1138 1868 1289 1910 Dicisque
1299 1866 1463 1910 facisque.
1479 1866 1574 1912 Ergo
1594 1877 1658 1899 vos
1669 1889 1680 1907 ,
1699 1866 1723 1907 6

1081 1920 1246 1953 centurio
1258 1918 1266 1951 !
1283 1919 1474 1966 caeterique
1483 1919 1569 1953 huic
1578 1918 1726 1960 similes,

1083 1973 1144 2018 qui
1158 1973 1422 2019 philosophiam
1437 1971 1628 2019 respuitis;
1646 1982 1728 2013 nos·

1082 2027 1151 2059 cite
1170 2037 1233 2059 vos
1257 2025 1415 2060 tandem.
1442 2025 1478 2059 Si
1507 2025 1628 2072 quales
1649 2024 1727 2058 sitis

1081 2079 1251 2112 hactenus
1264 2078 1501 2125 ignoravisfis,
1512 2077 1729 2124 contempla·

1083 2132 1173 2165 mini
1185 2144 1249 2165 vos
1269 2132 1308 2165 in
1327 2132 1397 2165 hoc
1419 2131 1565 2178 speculo
1586 2128 1730 2177 quadri-

1083 2183 1169 2229 plici
1186 2196 1194 2215 :
1215 2183 1335 2217 videte
1355 2196 1420 2217 vos
1445 2183 1483 2216 in
1503 2183 1619 2229 prima
1641 2182 1730 2216 facie

1086 2237 1181 2270 ultra
1196 2236 1344 2271 modum
1361 2237 1544 2271 exilientes
1557 2249 1619 2282 spe
1635 2235 1740 2274 lucri,

1085 2299 1121 2324 et
1138 2290 1291 2324 luxuriae
1305 2302 1316 2332 ;
1335 2291 1373 2323 in
1388 2289 1545 2324 secunda
1557 2290 1681 2324 molles
1693 2297 1730 2323 et

1086 2342 1314 2386 delicatulos;
1330 2344 1368 2377 in
1392 2343 1496 2377 tertia
1515 2343 1614 2377 laxos
1636 2351 1671 2377 et
1690 2342 1732 2377 ti-

1086 2396 1203 2431 midos
1213 2410 1223 2438 ;
1235 2397 1272 2430 in
1288 2405 1414 2443 quarta
1424 2396 1584 2443 denique
1593 2397 1734 2431 iracun-

1087 2448 1151 2483 dos
1173 2461 1287 2495 usque
1308 2448 1353 2482 ad
1374 2449 1549 2483 furorem.
1570 2448 1681 2491 Quod
1703 2448 1742 2495 si¹

1085 2502 1201 2536 sanari
1230 2502 1381 2536 renuitis
1398 2526 1409 2543 ‚
1435 2510 1477 2535 ut
1504 2514 1596 2548 aeger
1623 2514 1734 2548 supra

1087 2554 1215 2594 dictus,
1227 2563 1261 2589 et
1270 2555 1532 2602 philosophiam
1547 2555 1656 2589 animi
1666 2566 1738 2589 me-

1065 2623 1069 2626 ¹
1086 2608 1208 2643 dicum
1218 2609 1404 2655 repellitis,
1413 2608 1527 2643 dicam
1543 2621 1608 2656 ego
1618 2609 1737 2644 vobis:

1079 2663 1215 2705 pergite,
1221 2661 1258 2694 in
1265 2660 1495 2707 profundum
1508 2674 1571 2698 vos
1580 2661 1742 2709 mergite,

1087 2716 1197 2749 tacebo
1206 2739 1217 2754 ,
1231 2716 1399 2749 discedam.
1420 2715 1464 2749 A.
