1846 3184
186 288 270 316 212
405 270 552 314 JANI
582 267 840 314 DOUSAE
870 270 1310 314 SCHEDIASMA

182 354 310 400 mani,
337 367 457 406 quam
491 354 629 400 domi,
657 367 701 392 ac
735 354 940 392 socialium
968 354 1164 393 bellorum
1192 353 1374 406 procellis
1399 354 1539 393 acriter

181 420 435 471 multumque
467 433 512 457 ac
545 419 614 457 diu
643 419 851 457 exercitam
883 428 1164 458 memoraverat
1194 420 1318 467 modo
1329 449 1340 467 ‚
1368 420 1409 457 in
1420 420 1538 468 freta

185 486 340 521 demum
356 485 524 521 Sci-unice
531 513 544 530 ,
562 492 602 520 et
614 483 856 532 Carthaginis
869 489 982 520 arces·
991 485 1148 531 exiisse,
1167 483 1243 522 hoc
1259 492 1317 521 est
1327 513 1338 530 ‚
1355 484 1512 522 desiisse
1524 511 1536 529 ,

185 548 432 599 modumque
448 548 490 587 in
505 547 658 585 hostem
678 546 904 597 pugnandi,
923 555 963 584 et
982 547 1092 598 quasi
1110 560 1271 599 pausam
1286 548 1420 585 fecisse
1440 547 1537 594 sibi,

182 613 312 651 innuit
328 626 351 650 a
371 612 555 650 Romanis
584 619 673 662 post
695 610 890 657 Siciliam,
910 613 1140 661 longumque
1161 625 1205 649 ac
1227 626 1411 661 magnum
1434 611 1537 649 illud

181 677 514 730 Mediterraneum
541 675 703 727 pelagus
732 675 774 712 in
802 675 964 726 Imperii
991 675 1109 713 unius
1139 676 1445 714 dominationem
1477 689 1541 713 re-

182 741 342 779 dactum
362 770 373 787 ‚
399 739 748 795 Carthaginemque
786 752 957 777 eversam
976 768 989 786 ‚
1015 741 1249 792 Punicaeque
1281 740 1538 779 aemulationis

184 818 320 844 omnes
334 804 589 855 reliquiarum
600 803 784 854 reliquias
799 803 1026 851 exstinctas;
1044 805 1152 842 omni
1164 804 1294 842 Gallia
1305 805 1474 856 denique
1487 805 1541 841 cis

183 870 367 908 Rhenum
378 896 390 914 ‚
411 876 528 919 atque
549 868 650 905 inter
667 881 773 906 mare
789 881 905 919 supra
924 868 1075 908 dictum
1092 877 1209 920 atque
1223 870 1421 907 Oceanum
1433 897 1444 915 ,
1464 869 1539 906 nisi

182 948 272 987 quae
289 948 311 972 a
326 933 539 985 paludibus
554 933 656 971 invia
673 933 765 979 fuit,
783 932 1022 985 perdomita,
1041 934 1114 980 sic,
1129 933 1240 984 quasi
1255 933 1371 972 effeta
1382 942 1541 986 parente

183 1000 251 1049 (id
276 998 386 1050 quod
412 997 454 1035 in
481 998 645 1035 Catilina
674 997 926 1048 conqueritur
950 998 1162 1049 Crispus),
1186 997 1285 1035 nibil
1311 995 1541 1050 praeclarum

181 1071 318 1115 postea
333 1071 400 1100 aut
414 1061 668 1100 memorabile
696 1061 806 1113 quod
827 1070 927 1099 esset
938 1090 949 1108 ,
966 1061 1061 1099 belli
1079 1061 1307 1112 militiaeque
1326 1069 1539 1114 patratum:

182 1129 332 1179 quippe
352 1127 497 1178 quibus
513 1126 637 1164 hostis
654 1126 791 1163 nullus
813 1125 1004 1164 exercitor
1021 1134 1238 1177 superesset
1252 1125 1333 1174 jam
1351 1125 1540 1176 amplius,

181 1193 224 1229 in
249 1204 329 1243 quo
356 1190 622 1242 oppugnando
649 1203 738 1228 vera
766 1178 805 1227 et
831 1189 991 1241 antiqua
1017 1189 1084 1226 illa
1107 1192 1283 1228 Romana
1307 1189 1431 1227 virtus
1456 1189 1544 1227 eni-

182 1263 498 1307 tescere‘posset3
515 1255 685 1306 ideoque
695 1283 706 1301 ,
723 1253 899 1305 deposita
913 1267 1112 1292 armorum
1127 1255 1221 1291 cura
1233 1283 1244 1301 ‚
1259 1253 1310 1291 ad
1326 1253 1544 1291 litterarum

183 1321 334 1367 studia,
353 1321 538 1372 pacisque
566 1329 666 1357 artes
679 1348 690 1366 ,
709 1333 754 1358 ac
782 1319 980 1370 sapientiae
1007 1327 1199 1370 praecepta
1219 1319 1261 1357 in
1279 1327 1454 1370 tempore
1477 1318 1548 1357 de-

183 1387 340 1425 volutos
365 1385 540 1422 animum
565 1384 721 1422 tandem
746 1384 912 1434 requieti
938 1384 1123 1432 adjecisse
1141 1398 1152 1429 ;
1173 1392 1292 1435 atque
1318 1384 1371 1421 ita
1396 1384 1546 1434 optime

183 1452 435 1490 constitutam
459 1449 744 1500 rempublicam
769 1449 811 1486 in
839 1449 920 1487 otio
947 1462 991 1486 ac
1015 1448 1292 1500 tranquillitate
1314 1456 1544 1487 sustentasse

185 1515 382 1554 facillime.

236 1582 460 1630 Antequam
481 1577 647 1615 ulterius
674 1577 993 1629 progrediamur,
1018 1575 1237 1627 telamque,
1258 1570 1377 1633 quain
1402 1585 1545 1615 conatu

185 1645 331 1693 majore
356 1640 477 1694 quam
500 1653 702 1687 successu,
724 1654 796 1692 pro
825 1641 969 1692 ingenii
992 1641 1115 1679 nostri
1142 1649 1282 1691 captu,
1302 1640 1393 1678 satis
1416 1649 1547 1679 tamen

186 1706 440 1747 commodule
470 1706 597 1757 exorsi
623 1718 780 1751 sumus,
803 1705 854 1742 ad
880 1704 1067 1743 terminos
1086 1718 1203 1756 porro
1229 1704 1423 1742 deducere
1447 1718 1544 1757 pro-

185 1784 367 1825 peremus
381 1799 392 1817 ‚
413 1769 686 1808 sustinendum
705 1769 813 1820 prius
833 1768 898 1806 hic
918 1769 1034 1806 etiam
1053 1769 1251 1820 paulisper
1269 1768 1404 1816 nobis,
1419 1768 1546 1807 donec

188 1836 505 1888 Sulpicianorum
535 1847 720 1872 versuum
749 1833 927 1871 ordinem
945 1861 955 1879 ‚
985 1833 1055 1884 qui
1078 1834 1127 1871 rin
1154 1832 1357 1872 codicibus
1384 1834 1549 1880 nostris,

189 1910 381 1955 quantum
409 1908 466 1938 est
490 1899 769 1943 Formulariis‚
792 1912 987 1950 nusquam
1014 1912 1096 1937 non
1122 1899 1378 1950 transpositus
1397 1912 1442 1936 ac
1461 1913 1551 1950 per-

190 1968 368 2006 turbatus
393 1965 537 2016 legitur
553 1992 563 2009 ,
589 1964 629 2000 in
658 1964 861 2014 pristinam
889 1963 1112 2015 aliquando
1128 1963 1399 2002 reduxerimus
1424 1963 1553 2015 digni-

190 2041 331 2077 tatem,
353 2016 423 2082 qui
450 2029 613 2081 quidem
645 2029 759 2066 nobis
785 2029 834 2066 ad
862 2028 938 2066 hoc
968 2028 1194 2081 exemplum
1217 2029 1552 2069 reconcinnandus

191 2097 357 2135 videtur.

425 2148 489 2180 Dic
507 2148 609 2186 mihi,
629 2147 794 2188 Calliope,
813 2146 973 2188 quidnam
991 2153 1087 2188 pater
1104 2147 1159 2178 ille
1178 2148 1326 2179 Deorum

425 2202 581 2244 Cogitat?
596 2203 652 2233 An
670 2208 771 2231 terras
790 2206 821 2230 et
838 2200 943 2242 patria
961 2201 1078 2231 saecula
1096 2202 1226 2232 mutat?

426 2258 584 2297 Quasque
602 2254 695 2285 dedit
713 2253 902 2296 quondam,
920 2253 1141 2295 morientibus
1160 2254 1258 2295 eripit
1275 2255 1386 2286 artes?

425 2311 565 2351 'Nosque
581 2308 676 2351 jubet
692 2308 828 2346 tacitos,
846 2307 947 2337 etiam
964 2306 1102 2337 rationis
1121 2317 1240 2348 egenos
1251 2329 1260 2344 ‚

428 2365 510 2396 Non
527 2363 636 2400 aliter,
653 2361 763 2404 primo
781 2359 880 2403 quam
898 2359 976 2391 oiim
994 2360 1197 2390 surreximus
1216 2370 1306 2397 aevo,

429 2416 635 2454 Glandibus‚
649 2423 681 2446 et
699 2426 792 2457 purae
809 2425 922 2445 rursus
939 2413 1161 2456 procumbere
1179 2412 1350 2454 lymphae?

435 2471 489 2501 An
507 2470 651 2512 reliquas
671 2476 773 2499 terras
792 2474 965 2499 conservat
983 2466 1106 2497 amicus
1117 2489 1126 2504 ‚
1144 2472 1178 2496 et
1195 2465 1314 2503 urbes,

431 2523 497 2555 Sed
514 2533 619 2565 genus
633 2522 823 2553 Ausonium
835 2544 844 2558 ‚
863 2520 1065 2561 Remulique
1084 2518 1238 2550 exturbat
1256 2519 1435 2550 alumnos?

432 2575 525 2616 Quid
543 2582 734 2617 reputemus
752 2575 842 2605 enim
854 2575 868 2604 Ρ
885 2575 962 2604 Duo
981 2579 1061 2603 sunt
1078 2571 1202 2614 quibus
1220 2571 1337 2603 extulit
1351 2572 1470 2615 iugens

433 2631 538 2660 Roma
558 2635 679 2670 caput,
696 2628 806 2659 virtus
823 2626 923 2665 belli,
941 2632 974 2657 et
992 2625 1152 2668 sapientia
1169 2625 1270 2667 pacis.

432 2681 495 2713 sed
509 2682 614 2713 virtus
632 2680 753 2727 agitata
771 2679 879 2719 domi,
894 2685 927 2711 et
945 2672 1133 2713 Socialibus'
1145 2677 1246 2710 armis
