1846 3184
499 267 589 312 n
614 243 834 326 ‚erio
865 263 941 308 ιν·
977 264 1192 308 snm.
1437 264 1522 307 253

407 386 411 387 ⁷
817 349 872 386 X.
1397 389 1407 398 „

233 416 460 456 Aeseminu’
476 414 552 452 fuit
562 413 822 461 ‚Flaccorum
842 424 1004 450 munere
1015 440 1028 457 ‚
1048 409 1212 462 quidam
1379 425 1409 459 9

233 481 383 521 Samnis
395 509 408 526 ‚
425 491 587 531 spurcus
604 478 725 516 homo
736 505 748 524 ‚
763 477 843 514 vita
859 475 928 514 illa
944 475 1079 527 dignu’
1096 475 1288 526 locoque;

235 547 336 584 Cum
348 543 591 582 Placideiano
611 542 676 580 hic
694 541 967 592 componitur,
986 540 1165 590 optnmn'
1180 539 1296 591 longe

234 612 326 648 Post
338 608 516 646 homines
529 615 640 645 natos
657 605 848 658 gladiator
864 604 935 656 qui
952 604 1027 642 fuit
1042 616 1159 642 unus.

809 671 849 706 X
860 671 891 706 Ι.

235 734 423 795 Occidam
439 734 555 772 illum
573 733 755 785 equidem
766 761 778 779 ‚
793 741 833 770 et
847 732 997 770 vincam
1008 761 1020 778 ‚
1038 732 1070 768 si
1087 731 1128 768 id
1144 730 1335 782 quaeritis,
1347 730 1474 782 inquit
1490 744 1499 766 :

234 803 382 838 Verum
399 798 502 836 illud
519 797 637 835 credo
658 797 740 835 fore
752 826 763 843 ‚
782 797 823 833 in
840 809 884 833 os
901 796 1010 846 prius
1026 794 1213 846 accipiam
1231 794 1314 845 ipse

235 862 365 912 Quam
381 863 555 914 gladium
571 860 825 899 in'stomacho
840 875 851 906 ;
871 861 961 898 sura
978 873 1022 897 ac
1040 859 1285 910 pulmonibu'
1302 859 1406 896 sisto.

237 928 317 967 odi
332 928 557 972 hominem3
577 926 697 963 iratus
712 938 845 976 pugno
860 939 871 971 ;
890 938 962 962 nec
981 924 1128 975 longin’
1144 923 1361 974 quidquam

238 992 360 1030 Nobis
372 1020 383 1037 ‚
403 988 522 1042 quam
543 989 686 1027 dextroe
705 988 880 1040 gladium
899 988 997 1025 dum
1017 987 1287 1025 accommodat
1302 987 1423 1024 alter:

236 1059 372 1107 Usque
392 1055 490 1093 adeo
510 1053 639 1091 studio
651 1082 663 1100 ‚
677 1061 795 1104 atque
813 1053 906 1090 odio
924 1052 1031 1089 illius
1049 1052 1191 1090 efferor
1207 1052 1274 1090 ira.

799 1118 839 1154 X
851 1118 870 1153 1
883 1118 914 1153 1.

251 1209 684 1220 .................
707 1181 893 1228 Quamvis
910 1180 1038 1218 bonus
1055 1181 1137 1232 ipse

241 1248 395 1287 Samnis
409 1249 451 1286 in
465 1247 581 1293 ludo,
598 1260 643 1284 ac
660 1246 825 1284 rudibus
842 1246 966 1284 cuivis
984 1247 1073 1284 satis
1090 1259 1212 1297 asper.

786 1312 826 1347 X
837 1312 856 1347 1
868 1312 887 1347 1
898 1311 931 1347 I.

240 1376 360 1424 Quod
375 1376 407 1413 si
424 1375 533 1413 nulla
551 1382 679 1426 potest
694 1373 837 1411 mulier
855 1382 935 1411 tam
950 1386 1113 1425 corpore
1131 1373 1232 1411 duro

241 1442 334 1478 Esse
345 1470 357 1487 ‚
375 1448 505 1477 tamen
524 1448 657 1477 tenero
675 1447 827 1476 maneat
845 1451 1027 1476 succussa
1044 1438 1188 1476 lacerto
1199 1467 1210 1481 ,

241 1506 291 1542 Et
310 1517 448 1542 manns
465 1504 626 1541 uberior
641 1502 797 1540 lactanti
814 1503 856 1540 in
874 1503 1027 1540 sumine
1043 1502 1153 1540 sidat.

795 1568 835 1604 X
846 1569 865 1604 1
873 1569 922 1604 V.

240 1631 451 1683 Tisiphone
468 1631 611 1669 residet
628 1631 904 1682 pulmonibm,
923 1638 1041 1681 atque
1056 1630 1105 1667 ad
1125 1630 1166 1667 id
1185 1644 1343 1682 unguen

242 1697 456 1734 Excoctum
473 1695 604 1733 attulit
621 1694 885 1733 Eumenidum
905 1694 1140 1732 sanctissima
1158 1695 1334 1747 Erinnys.

811 1761 907 1796 XV.

243 1823 476 1874 Assequitur
493 1836 565 1860 nec
583 1823 807 1873 opinantem
819 1850 831 1868 ‚
846 1822 887 1859 in
907 1831 1027 1874 caput
1042 1824 1185 1870 insilit,
1202 1825 1332 1875 ipsum

246 1887 600 1925 Commanducatur
616 1894 745 1924 totum
762 1886 987 1938 complexa,
1004 1896 1242 1940 comestque.

799 1953 840 1989 X
847 1953 883 1988 V
892 1953 923 1988 Ι.

245 2015 375 2052 Haeret
388 2014 587 2052 verticulis
600 2013 772 2052 adfixum
789 2014 831 2052 in
848 2017 1061 2066 posteriore

243 2081 356 2116 Parte
370 2107 382 2126 ,
398 2086 516 2130 atque
533 2078 704 2116 articulis
715 2108 727 2126 ,
742 2087 788 2116 ut
804 2079 918 2118 nohis
935 2080 1029 2118 mlu'
1044 2095 1258 2134 genusque.

246 2212 299 2233 ιο.
324 2202 485 2237 Nonius:
507 2204 663 2244 spurcum
678 2225 690 2239 ,
714 2213 840 2249 qaevmn
892 2205 1041 2248 sugendo
1068 2206 1207 2237 dictum.
1230 2207 1315 2237 Nam
1337 2213 1371 2246 et
1392 2207 1538 2238 mulieris

194 2255 247 2287 vel
263 2256 525 2297 anguinat-ium.
891 2269 1066 2290 mammam
1079 2271 1189 2290 sumen
1200 2267 1324 2290 vetem
1336 2259 1500 2291 dicebant.

248 2309 344 2339 1101.
358 2308 616 2350 Scaliger-totum
624 2307 718 2339 hunc
726 2308 840 2340 locum
947 2318 998 2348 14.
1020 2313 1152 2342 Nonius
1166 2323 1173 2342 ι
1192 2312 1315 2344 sebum
1339 2319 1371 2342 et
1389 2323 1540 2354 unguem

128 2387 132 2389 ,
199 2360 245 2390 iu
258 2360 487 2403 'effingendam
499 2361 597 2393 nobis
606 2362 782 2392 indicavit:
803 2358 809 2363 “
897 2371 964 2394 tum
982 2364 1106 2394 habent
1127 2364 1214 2394 hanc
1235 2363 1461 2395 diversitatem.
1478 2366 1539 2396 Se-

200 2442 424 2453 ‚‚‚‚‚‚‚‚
439 2428 470 2452 1,
482 2437 511 2452 o-
522 2429 595 2462 μί..
607 2428 733 2461 accipiam
745 2428 801 2460 ⁵?oe
896 2416 979 2447 bum
992 2417 1033 2447 fit
1046 2428 1090 2448 ex
1104 2418 1200 2458 adipe
1216 2417 1469 2448 ruminantium.

201 2463 409 2531 Qh-gfffl—
424 2468 661 2500 malumne-n
680 2466 842 2501 pulmonihn'
944 2471 995 2500 15.
1030 2471 1161 2500 Nonius
1189 2481 1199 2500 τ
1233 2471 1536 2502 commanducatus.

295 2557 298 2559 ι
893 2522 983 2553 Idem
994 2533 1006 2552 .·
1024 2522 1147 2553 Comen
1160 2533 1222 2564 pro
1240 2523 1393 2554 comedit.

254 2581 306 2602 ιι.
322 2572 458 2614 cicero,
473 2575 514 2607 de
531 2577 687 2611 Oratore,
701 2573 759 2604 lih-
777 2574 840 2603 ῙΠ.
945 2576 997 2606 16.
1014 2576 1165 2607 Nonius:
1185 2576 1274 2606 Genu
1292 2577 1466 2608 masculini
1478 2588 1538 2620 ge-

253 2624 307 2655 13.
329 2624 460 2658 Nonius
475 2637 484 2657 :
507 2628 623 2659 Sumen
634 2650 647 2666 ,
667 2626 803 2672 proprie
823 2635 842 2656 a
899 2629 997 2660 neris.
1016 2631 1150 2661 Festus:
1169 2628 1346 2662 Vereiculas
1361 2628 1438 2662 cun
1454 2630 1541 2661 dixit
