1846 3184
676 279 935 324 SATIRA
972 276 1082 318 111.

1484 287 1539 330 71

271 370 344 412 Est
357 367 436 411 tibi
451 366 515 408 far
529 361 744 406 modicum
757 392 769 414 ,
788 373 947 418 purum
962 353 1113 399 et'sine
1130 353 1228 395 labe
1242 353 1447 395 salinum:
1502 356 1544 392 25

274 443 391 498 Quid
407 437 602 484 metuas?
618 435 856 492 cultrixque
873 432 958 475 foci
978 445 1125 473 secura
1142 429 1296 487 patella
1314 438 1388 470 est.

273 520 369 562 Hoc
384 514 511 559 satis?
530 515 599 556 An
617 512 764 554 deceat
784 509 1032 568 pulmonem
1050 519 1252 562 rumpere
1268 503 1429 555 ventis,

273 595 499 636 Stemmate
516 587 634 648 quod
650 587 795 628 Tusco
813 599 980 626 ramum
998 581 1222 624 millesime
1238 578 1358 620 ducis
1370 609 1384 630 ,

218 733 312 762 earet
323 724 449 770 culpat
465 720 607 756 materia
622 729 858 767 quacumque

218 778 263 813 ab
285 775 511 811 institutione
535 775 648 820 prima
666 770 858 811 deterrita,

219 829 415 865 deformata
438 852 449 868 ,
476 835 539 861 aut
566 826 603 859 in
630 836 763 859 vanum
789 823 859 856 ela-

219 883 342 918 box-ata
371 880 496 914 vitiosa
530 887 594 913 est.
629 878 684 910 Ita
716 883 861 909 censent

220 936 337 972 stoici.
353 936 453 968 Justa
467 933 577 979 igitur
594 931 631 964 in
648 937 770 964 nostro
785 941 864 962 sen-

221 1001 265 1024 su
286 989 376 1029 erit,
396 995 431 1021 et
456 986 499 1019 ab
527 984 632 1018 omni*
652 990 751 1029 parte
764 1006 774 1023 ,
793 980 865 1014 exi-

223 1041 294 1075 mia
312 1040 370 1073 illa
388 1037 498 1072 Persii
520 1034 748 1081 comparatio.
767 1035 867 1066 A.—

225 1095 289 1127 Sed
311 1105 386 1125 rure
407 1099 557 1134 paterno.
585 1087 778 1132 Prolepsis.
800 1087 866 1126 At,

226 1145 381 1192 inquies,
395 1141 484 1190 quid
501 1153 594 1188 opus
611 1152 668 1173 me
686 1138 867 1172 laboribus

226 1211 267 1233 ac
286 1196 414 1243 vigiliis
441 1194 607 1240 fatigare,
629 1193 712 1226 cum
736 1190 869 1237 possim

227 1252 365 1286 beatam
380 1260 420 1282 ac
431 1245 658 1292 tranquillam
672 1244 780 1277 vitam
790 1254 870 1288 age-

230 1316 290 1344 re,
306 1302 416 1350 partis
440 1300 504 1335 etsi
524 1296 765 1333 mediocribus
787 1308 873 1330 con-

234 1364 356 1391 tentus
369 1352 518 1388 divitiis.
542 1351 583 1384 P.

240 1451 243 1455 ,
281 1413 339 1448 25.
356 1415 413 1444 Est
426 1409 553 1452 tibisar
566 1407 749 1449 modicum]
763 1403 873 1438 Suffi-

234 1467 331 1507 ciens
356 1465 498 1498 fortuna
513 1485 524 1503 ‚
548 1461 632 1494 licet
659 1457 874 1493 modica.—

234 1523 356 1559 Purum
372 1525 406 1549 et
419 1516 488 1548 sine
505 1515 577 1547 labe
592 1513 743 1545 salinum.
763 1509 874 1542 Parte

235 1578 323 1606 sunt
343 1567 432 1602 mihi
451 1578 538 1613 opes
554 1565 688 1600 virtute
710 1573 875 1596 meorum

235 1624 423 1670 majorum:
433 1632 520 1667 quas
528 1631 601 1653 non
609 1626 788 1656 metuo,ne
796 1614 878 1660 quis

237 1688 336 1712 usus
342 1675 495 1714 παίει-ιη
508 1680 593 1707 sunt
605 1671 701 1705 enim
713 1668 817 1703 bonis
828 1679 881 1701 ar·

237 1729 336 1773 tibus
350 1725 518 1773 quaesitae.
535 1725 619 1758 Vet.
633 1725 741 1768 poeta
756 1733 765 1753 :

239 1799 294 1829 Est
306 1796 382 1828 mihi
397 1806 449 1825 rus
470 1803 618 1835 parvum,
634 1791 720 1821 senus
740 1790 805 1819 siue
821 1787 881 1819 eri-

342 1852 424 1873 mine
436 1847 575 1881 parvm.

242 1913 326 1947 Alio
338 1911 443 1945 etiam
455 1885 659 1948 sensmliaec
670 1910 814 1951 possent
827 1913 884 1936 ac·

245 1964 331 2011 cipi.
348 1962 431 1997 Scil.
450 1969 502 1995 est
521 1959 610 1993 mihi
628 1957 779 1991 salinum
797 1956 885 2001 (pro

246 2013 458 2062 supellectili
468 2011 650 2059 qualibet)
662 2007 839 2043 mundum
853 2010 888 2040 et

246 2067 415 2103 nitidum.
428 2064 499 2100 sed
521 2063 640 2110 potior
651 2060 795 2096 videtur
810 2071 890 2094 sen-

248 2120 359 2156 tentia
374 2119 487 2166 prior.
512 2117 555 2150 A.

299 2182 357 2214 26.
387 2179 576 2220 Culcriaeque
592 2175 671 2219 foci
693 2186 804 2207 secura
822 2184 888 2215 pa-

250 2234 327 2266 tella
343 2232 418 2274 est-1
435 2229 517 2263 Haec
539 2225 785 2274 superioribus
803 2226 889 2270 jun-

253 2282 586 2332 genda.-Patella,
600 2291 660 2314 vas
678 2291 698 2312 e
712 2290 786 2324 quo
804 2276 893 2310 liba·

251 2338 369 2371 tiones
382 2335 458 2368 Diis
474 2333 626 2368 Laribus
641 2329 687 2365 ad
707 2330 826 2363 focum
844 2328 896 2362 fe-

253 2389 424 2423 rebantur
433 2401 443 2421 τ
454 2399 578 2425 secura,
591 2385 675 2431 quia
687 2381 897 2417 domesticos

257 2440 352 2475 Deos
368 2439 530 2487 religiose
553 2438 672 2472 colens
689 2433 896 2482 praesidium

259 2491 303 2527 ab
316 2491 359 2526 iis
369 2500 406 2527 et
416 2490 658 2539 patrocinium
672 2487 739 2523 sibi
754 2485 898 2530 pollice-

910 724 985 750 tur.
994 735 1039 741 -
1048 715 1238 756 cultrixque
1240 713 1317 756 foci
1325 736 1336 750 ,
1350 709 1435 758 quia
1447 710 1561 744 Lares

911 768 947 802 in
963 768 1044 802 roco
1059 766 1277 801 colebantur.
1295 763 1336 797 P.

961 843 1018 876 ²7·
1042 833 1110 862 Hoc
1125 830 1248 872 satin]
1271 824 1557 873 Inquitq-stoicus

914 882 1052 918 doctor.
1068 882 1198 915 Nonne
1217 879 1284 914 tria
1301 879 1481 913 honorum
1498 889 1561 923 ge-

915 947 1001 969 nera
1020 941 1103 967 sunt
1115 945 1127 975 ;
1140 931 1251 966 animi
1261 956 1273 972 ‚
1288 930 1449 977 corporis
1459 954 1470 970 ‚
1485 929 1559 962 for·

917 985 1041 1021 tunm?
1062 998 1112 1019 an
1123 1009 1135 1026 ,
1158 984 1225 1031 qui
1249 983 1392 1018 duobus
1416 990 1561 1016 tantum

919 1039 1055 1074 ultimis
1082 1038 1222 1072 fruatur
1234 1062 1248 1077 ‚
1262 1036 1384 1083 priore
1409 1035 1535 1069 relicto
1547 1059 1559 1076 ,

919 1104 1003 1128 vere
1012 1091 1099 1125 felix
1110 1090 1220 1137 possit
1233 1088 1305 1122 diei
1313 1087 1329 1120 ἓ
1340 1087 1444 1120 Tune
1454 1086 1563 1132 igitur

920 1145 1009 1180 adeo
1025 1155 1168 1183 amens,
1184 1150 1225 1176 ut
1242 1141 1398 1175 fortuna
1415 1151 1567 1172 munera

921 1196 965 1232 ad
983 1198 1082 1231 beate
1094 1193 1294 1230 vivendum
1311 1193 1377 1226 tihi
1395 1203 1469 1225 esse
1484 1191 1566 1224 satis

924 1258 1030 1297 putes
1042 1249 1057 1281 ?
1071 1247 1180 1282 Stoici
1194 1246 1239 1281 ad
1254 1246 1365 1280 finem
1378 1245 1498 1278 omnia
1510 1256 1567 1278 re-

926 1303 1060 1337 ferunt.
1074 1301 1196 1343 Quare
1213 1301 1289 1332 sutis
1307 1297 1478 1332 esseidem
1494 1305 1565 1337 est,

925 1355 1096 1395 hocloco,
1107 1365 1147 1387 ae
1155 1364 1310 1385 summum
1320 1352 1570 1383 bonum-Pul-

926 1420 1050 1441 monem
1067 1418 1214 1450 rumpere
1230 1405 1347 1437 ventis.
1360 1402 1405 1436 ld
1419 1410 1473 1436 est
1484 1427 1495 1444 ‚
1513 1403 1571 1435 in-

925 1460 1025 1502 flari,
1044 1460 1217 1499 saxosus,
1240 1455 1426 1502 turgidus,
1449 1463 1486 1489 et
1511 1466 1572 1488 su-

926 1513 1061 1560 perhus
1073 1511 1151 1546 fleri
1163 1511 1211 1545 ob
1224 1510 1356 1544 natales
1367 1516 1461 1542 tuos.
1475 1508 1573 1541 Ven-

929 1575 985 1602 tos
997 1565 1150 1612 appellat
1163 1562 1263 1610 quod
1275 1562 1435 1596 usitatius
1444 1559 1576 1594 dicunt

931 1620 1078 1666 spiritus
1090 1631 1103 1651 .-
1120 1617 1234 1652 Graeci
1256 1617 1391 1662 φύσημα
1409 1622 1446 1648 et
1465 1615 1573 1660 ὄγκον.

932 1672 989 1706 Sic
1000 1670 1166 1718 spiritum
1183 1679 1330 1714 quoque
1347 1666 1450 1699 illum
1466 1676 1578 1711 quem

932 1722 1132 1758 anhelando
1147 1721 1336 1761 ducimus,
1348 1726 1499 1752 ventum
1513 1729 1580 1751 vo-

933 1784 1016 1812 cant
1030 1775 1157 1823 optimi
1170 1774 1361 1820 scriptores
1373 1770 1507 1805 Latini.
1520 1768 1564 1802 C.

983 1846 1043 1879 28.
1064 1849 1236 1878 stemmate
1258 1843 1349 1885 quod
1369 1844 1468 1873 Tusco
1477 1864 1489 1878 ‚
1504 1837 1577 1883 eta]

935 1899 990 1933 Eo
1008 1896 1109 1945 quod
1126 1909 1192 1943 per
1212 1895 1310 1929 mille
1333 1891 1583 1940 generationes

938 1951 1111 1998 originem
1124 1949 1232 1984 ducas
1242 1973 1253 1989 ‚
1264 1960 1305 1982 ex
1316 1947 1433 1992 aliqua
1441 1951 1584 1978 vetusta

940 2014 976 2040 et
989 2005 1102 2039 nobili
1114 2002 1244 2037 familia
1256 1999 1423 2034 Etruriae.
1440 1998 1494 2031 De
1506 2008 1586 2030 ver-

939 2059 989 2092 bo
1008 2067 1140 2091 stemma
1155 2081 1166 2095 ‚
1186 2053 1263 2090 vid.
1286 2052 1333 2086 ad
1358 2052 1489 2085 Juven.
1518 2055 1583 2082 sat.

940 2110 1036 2145 VIII
1048 2134 1059 2151 ‚
1080 2123 1114 2144 v.
1139 2120 1171 2142 1.
1182 2127 1229 2133 —-
1243 2104 1352 2138 Tusco.
1377 2102 1471 2145 Quia
1492 2099 1586 2134 anti-

942 2162 1191 2212 quissimarum
1199 2158 1412 2194 familiarum
1424 2165 1505 2200 pars
1516 2164 1589 2185 ma-

942 2217 1038 2252 xima
1054 2228 1101 2250 ex
1112 2212 1257 2248 Etruria
1271 2215 1456 2245 venerant.
1467 2225 1514 2232 --
1523 2207 1590 2236 Ra-

945 2281 1044 2303 mum.
1060 2293 1068 2301 .
1084 2293 1093 2301 .
1108 2292 1117 2301 .
1143 2266 1244 2298 ducis.
1275 2262 1422 2296 Lineam
1458 2267 1592 2302 nempe

948 2319 1188 2357 successionis.
1200 2315 1332 2350 Isidor.
1346 2313 1411 2346 lib.
1425 2310 1479 2344 IX
1489 2334 1499 2349 ‚
1511 2321 1544 2343 c.
1559 2310 1597 2341 6.

948 2375 1071 2409 Solent
1100 2368 1262 2405 advocati
1287 2371 1469 2400 stemmata
1486 2387 1498 2404 ‚
1519 2362 1593 2396 sive

948 2424 1168 2463 ramusculos
1178 2423 1291 2455 facere
1300 2419 1337 2452 in
1347 2429 1478 2465 genere
1486 2440 1497 2456 ‚
1510 2415 1595 2448 cum

949 2479 1079 2529 gradus
1093 2474 1344 2522 cognationum
1356 2469 1573 2517 partiuntur.

307 2609 351 2639 V.
366 2608 420 2639 26.
438 2607 562 2639 Patella
580 2613 634 2637 est.
652 2606 708 2636 Est
721 2609 812 2635 vacat
829 2602 866 2632 in
885 2598 958 2631 eod.
974 2602 1092 2628 nostro
1103 2616 1112 2632 ,
1132 2599 1164 2624 et
1185 2592 1223 2623 in
1244 2589 1376 2622 duobus
1392 2587 1479 2620 aliis:
1494 2587 1539 2618 ita
1561 2585 1598 2616 in

266 2658 319 2691 ed.
338 2670 373 2691 v.
387 2660 515 2692 Britan.
531 2666 564 2690 et
579 2657 720 2695 Aldina3
738 2662 770 2686 et
780 2678 790 2694 ,
806 2653 912 2695 reipsa
922 2674 932 2692 ‚
952 2650 1042 2682 salvo
1061 2656 1159 2679 sensu
1169 2667 1178 2683 ,
1195 2650 1303 2687 potest
1316 2642 1417 2685 rejici.
