1846 3184
556 307 643 371 AD
687 306 1046 352 SULPICIAE
1085 306 1400 350 SATIRAM.
1561 309 1645 353 213

525 393 672 438 (Caetera
688 402 763 435 quae
780 392 916 434 inperia
926 413 936 429 ‚
947 398 982 422 et
1000 397 1110 422 totum
1128 391 1230 422 simul
1246 391 1384 423 abstulit
1396 388 1539 435 orbem)

529 449 571 479 In
588 447 669 478 tren
686 446 843 483 sicania,
860 452 894 477 et
910 445 1118 488 Carthaginis
1135 445 1219 477 exiit
1236 455 1344 482 arces,

529 500 660 532 Deinde
676 500 768 531 velut
785 500 891 531 stadio
909 500 1019 531 victor
1036 501 1096 541 qui
1115 499 1207 530 solus
1224 498 1350 530 Achaeo

526 554 690 596 Languet,
702 560 737 584 et
754 553 888 584 immota
906 563 1019 584 secum
1031 552 1153 583 virtute
1171 552 1291 583 fatiscit
1304 562 1315 590 ς

528 604 582 638 sic
599 606 715 637 itidem
734 608 882 638 Romam
901 617 1018 637 manus
1037 605 1237 638 contendere
1254 612 1430 648 postquam

527 659 683 697 Destitit,
697 666 728 690 et
744 670 860 701 pacem
876 659 985 701 longis
1002 659 1141 690 frenavit
1157 658 1314 696 habenis,

527 714 602 755 Ipsa
620 713 711 744 domi
728 713 834 755 leges,
851 719 884 744 et
900 713 999 744 Graia
1016 713 1154 744 inventa
1172 719 1368 751 retractans,

530 765 652 796 Omnia
669 763 836 797 bellorum
854 764 941 796 terri
958 765 1094 807 quaesita
1112 765 1261 807 marique

531 818 667 848 Praemia
686 818 846 856 consilio,
862 825 897 849 et
914 818 1008 849 molli
1025 819 1155 849 ratione
1173 816 1313 860 regebat.

527 867 640 902 Stabat
658 871 696 901 in
713 870 769 902 his
780 894 789 910 ‚
806 878 869 902 etc.
1098 876 1104 886 “

291 934 339 970 In
358 932 502 983 quibus
520 932 745 970 ordinandis
756 961 767 979 ‚
784 933 1021 972 Petronianae
1038 933 1220 972 editionis
1239 932 1497 972 oeconomiam
1518 934 1641 972 secuti

292 1009 450 1043 sumus,
466 1009 591 1048 usque
610 996 660 1034 ad
678 996 785 1034 illius
802 997 1015 1035 hexametri
1032 998 1172 1035 finem:

529 1073 592 1105 sed
609 1074 715 1105 virtu,
733 1074 851 1116 aginta
867 1055 959 1112 domi
972 1097 981 1112 ,
996 1081 1029 1105 et
1046 1074 1230 1106 Socialihus
1247 1074 1355 1106 armis.

290 1149 380 1193 post
399 1155 517 1194 quem
530 1171 541 1189 ‚
558 1142 694 1182 ordine
711 1142 882 1180 duorum
899 1143 1000 1180 inter
1018 1146 1058 1181 se
1076 1156 1260 1181 versuum
1278 1151 1541 1190 commutato,
1561 1158 1640 1181 coe-

289 1214 371 1242 tem
390 1220 480 1256 quoe
498 1206 574 1258 (ita
591 1207 695 1245 enim
710 1207 841 1258 potius
859 1204 978 1258 quam
998 1216 1214 1257 caeteraque
1238 1207 1523 1246 restituendum
1541 1220 1638 1246 cen-

291 1269 441 1308 suimus
452 1271 468 1321 )
768 1279 770 1281 ’

570 1325 731 1368 Imperia,
748 1331 781 1356 et
798 1331 907 1356 totum
924 1325 1023 1357 simul
1038 1325 1174 1357 abstulit
1192 1325 1308 1357 orbem

525 1379 567 1408 In
584 1378 663 1409 freu
682 1379 837 1417 Sieaniae,
850 1385 913 1410 etc.
1298 1378 1301 1380 ’

286 1444 467 1483 Protinus
479 1446 589 1498 sequi
604 1446 768 1484 fecimus
778 1447 1106 1498 comparationem
1120 1447 1228 1486 illam
1240 1448 1460 1487 Circensem
1470 1447 1520 1486 de
1533 1462 1637 1501 equo

286 1518 507 1547 senescente
519 1538 531 1555 ‚
548 1511 688 1548 deinde
702 1513 809 1548 velut
816 1513 944 1549 stadio
954 1541 969 1558 ‚
987 1521 1055 1550 etc.
1065 1528 1082 1559 ,·
1098 1526 1213 1551 versu
1224 1542 1235 1559 ‚
1250 1513 1372 1564 quiin
1386 1513 1517 1551 medio
1530 1522 1613 1551 erat
1622 1542 1636 1561 ,

284 1572 461 1611 indidem
486 1574 526 1611 in
554 1573 688 1612 locum
718 1575 1026 1613 commodiorem
1040 1604 1051 1622 ‚
1080 1576 1156 1614 hoc
1184 1584 1242 1614 est
1254 1605 1264 1622 ‚
1294 1576 1335 1613 in
1366 1576 1498 1614 sedem
1525 1589 1637 1615 suam

283 1637 484 1688 pristinam
495 1666 506 1684 ‚
524 1638 650 1684 unde,
667 1639 779 1676 nullo
797 1653 869 1677 suo
885 1640 1044 1686 merito,
1061 1654 1132 1691 per
1147 1641 1226 1677 vim
1240 1640 1467 1678 exturbatus
1486 1641 1633 1687 fuerat,

284 1700 570 1751 postliminium
585 1703 772 1756 restituto
783 1732 794 1749 ‚
818 1717 899 1742 non
925 1704 1006 1742 sine
1032 1705 1244 1742 necessaria
1270 1705 1510 1757 correctione
1522 1734 1534 1753 ‚
1557 1718 1636 1756 qua

285 1765 327 1802 in
343 1767 549 1816 postremis
567 1767 645 1804 illis
664 1768 748 1813 usi,
768 1781 840 1818 pro

520 1838 640 1868 Omnia
658 1839 819 1876 consilio,
838 1846 870 1870 et
888 1839 982 1871 molli
999 1840 1125 1871 ratione
1144 1840 1298 1883 regebat,
1362 1880 1364 1883 y

517 1891 652 1922 Praemia
671 1892 814 1923 consilio
826 1915 837 1932 ,
854 1900 914 1924 etc.

282 1952 488 1991 emendare
502 1954 740 1993 instituimus
749 1984 761 2001 ‚
779 1955 962 2008 scaligeri
975 1955 1119 1995 fiducizi
1134 1958 1320 2004 maxime,
1339 1957 1382 1996 in
1401 1958 1514 2007 cnjus
1529 1967 1631 1996 cata·

246 2064 251 2070 ⁴
280 2013 393 2054 lectis
407 2017 586 2056 ordinem
600 2032 622 2056 a
638 2019 751 2057 nobis
766 2033 882 2072 supra
900 2030 1216 2073 repraesentatum
1230 2031 1319 2074 post
1334 2023 1632 2060 similitudinem

279 2079 410 2127 illam,
429 2083 569 2119 deinde
574 2111 589 2129 ‚
613 2086 722 2121 velut
746 2086 899 2130 stadio,
920 2094 990 2123 etc.
1010 2086 1052 2123 in
1070 2086 1277 2124 novissima
1294 2086 1366 2124 hac
1385 2087 1630 2137 superiorum

280 2146 496 2183 carminum
513 2155 622 2197 parte
640 2148 843 2186 manifesto
862 2162 906 2186 ac
922 2149 1051 2201 palam
1069 2150 1418 2201 deprehendimus,
1437 2164 1518 2188 non
1535 2151 1630 2187 item

278 2209 320 2246 in
329 2210 472 2259 priore,
482 2211 553 2249 ubi
566 2208 768 2263 tergemini
779 2214 993 2251 hexametri
1005 2214 1063 2251 illi
1077 2214 1195 2264 (quid
1201 2207 1417 2263 reputemus
1426 2216 1543 2260 enim,
1555 2223 1627 2251 etc.

277 2287 401 2325 usque
416 2275 467 2312 ad
484 2274 716 2314 hemistichii
734 2278 845 2315 istius
863 2278 1011 2315 exitum
1030 2287 1070 2315 et
1083 2279 1287 2315 socialibus
1301 2277 1442 2327 armir)
1455 2306 1467 2323 ,
1489 2291 1629 2328 paren-

277 2339 377 2376 thesi
389 2337 531 2377 inclusi
548 2340 753 2392 leguntur,
775 2342 895 2379 medii
910 2342 1010 2379 inter
1025 2355 1156 2379 versus
1176 2354 1275 2391 quos
1293 2354 1440 2392 ponam
1455 2356 1471 2378 .-

510 2412 647 2453 Nosque
662 2412 758 2455 jubet
775 2413 911 2450 tacitos,
927 2413 1026 2442 etiam
1044 2412 1182 2442 rationis
1199 2422 1323 2454 egenos
1335 2434 1346 2450 ‚

509 2464 589 2495 Non
606 2463 719 2501 aliter,
737 2470 799 2493 etc·

278 2505 352 2543 Ille
370 2519 483 2545 vero:

507 2564 551 2593 Iu
566 2562 646 2606 freta
666 2562 804 2593 Sicaniae
823 2568 855 2592 et
872 2561 1079 2604 Carthaginis
1097 2562 1177 2593 exiit
1195 2574 1286 2595 arces
1298 2586 1309 2601 ,

278 2632 358 2657 non
372 2629 461 2671 post
478 2626 673 2661 armorum
687 2625 884 2661 socialium
901 2625 1158 2671 mentionem,
1179 2622 1407 2683 et‘virtuteng
1423 2628 1534 2664 illam
1548 2630 1623 2666 Ro-

280 2697 438 2722 manam
445 2713 459 2732 ,
475 2695 614 2725 coetera
626 2703 715 2739 quoe
727 2690 951 2740 1'mpe1ia,et
963 2698 1082 2728 totum
1099 2691 1216 2728 simul
1227 2691 1381 2729 abstulit
1389 2693 1538 2740 orbem,
1553 2694 1622 2731 sed
