1898 3216
80 0 118 15 ,τεν
135 0 188 17 ’ν’-ει·

8 127 25 148 ,ἲ

562 420 1126 494 ELENCHUS

318 565 932 629 EDITIONUM
990 561 1378 637 PERSII,

320 772 325 773 ⁷
404 701 489 749 Ab
512 718 647 749 anno
681 702 830 765 1470,
857 697 932 745 ad
953 715 1142 746 annum
1171 698 1309 746 1801.

499 937 581 974 XV
614 936 875 975 SAECULI
914 941 1075 985 1470-
1090 934 1202 973 1501.

182 1037 261 1104 D.
296 1067 402 1103 Juu.
437 1066 706 1102 Juvmums
746 1072 785 1102 et
814 1065 861 1101 A.
896 1066 1072 1101 Pznsu
1108 1065 1292 1101 Fuccx

233 1129 365 1168 Satirae
378 1158 390 1175 ‚
410 1128 530 1167 editio
553 1137 665 1166 vetus
674 1157 685 1174 ‚
713 1128 859 1179 absque
888 1128 979 1165 anni
1005 1135 1098 1165 nota
1111 1155 1123 1172 ‚
1150 1127 1228 1164 loci
1254 1135 1295 1164 et

234 1194 476 1244 impl-essoris
493 1193 650 1231 nomine
662 1222 673 1238 ‚
695 1192 764 1230 sed
788 1192 928 1230 eodem
944 1192 1163 1230 charactere
1181 1199 1295 1230 nota-

233 1257 326 1295 bilis
334 1285 345 1303 ‚
358 1271 440 1309 quo
453 1257 569 1296 Liber
580 1258 646 1294 cui
658 1256 797 1294 titulus
807 1264 866 1294 est
876 1284 888 1302 ‚
903 1259 1034 1293 Decor
1041 1257 1267 1293 Puellarum
1274 1284 1291 1303 ,

235 1335 306 1372 per
322 1321 448 1360 Nicol.
467 1323 643 1359 Jansson.
660 1320 815 1358 Persius
833 1320 952 1358 habet
972 1333 1014 1357 11
1037 1319 1106 1358 fol.

485 1386 691 1430 (catalogue
709 1386 751 1417 de
768 1388 813 1417 La
825 1386 989 1424 Valliere,
1005 1387 1044 1417 T.
1060 1388 1112 1424 H,
1124 1397 1158 1428 p.
1177 1384 1280 1428 102.)

185 1458 234 1493 D.
247 1458 337 1494 Jun-
354 1455 550 1493 Iuvenalis
567 1463 607 1493 et
623 1457 672 1493 A.
691 1455 810 1494 Persii
823 1455 952 1494 Flacci
964 1456 1119 1503 Satirae,
1133 1457 1292 1503 Romae,

235 1520 342 1571 apud
360 1519 590 1559 Udalricum
615 1519 774 1558 Gallum
785 1549 797 1568 ‚
815 1533 919 1560 anno

184 1598 233 1634 N.
248 1598 291 1633 B.
308 1595 438 1634 Aliam
449 1603 619 1634 veterem
637 1596 849 1635 editionem
866 1596 986 1635 Persii
1003 1597 1120 1635 unius
1137 1611 1210 1648 ego
1223 1597 1296 1635 ha-

235 1660 307 1698 bui
324 1661 366 1698 in
382 1660 563 1699 auctione
586 1661 745 1713 publica
759 1690 770 1708 ‚
790 1674 879 1712 quae
904 1662 1085 1712 princeps
1103 1662 1200 1699 mihi
1217 1662 1298 1700 visa

239 1733 319 1771 est3
339 1725 414 1763 nisi
434 1725 534 1764 forte
548 1755 559 1772 ‚
578 1725 627 1763 ab
648 1739 693 1763 ea
710 1739 799 1777 quae
822 1739 938 1778 snpra
955 1726 1152 1764 exhibitur
1172 1726 1292 1764 Catal.

237 1792 298 1828 De
312 1792 367 1827 la
378 1789 483 1828 Vall.
500 1790 682 1828 distracm
701 1790 831 1828 fuen‘t.

238 1865 439 1904 Editiones
457 1879 574 1917 porro
599 1866 847 1917 sequentium
871 1879 1065 1904 annorum
1080 1875 1173 1905 sunt
1190 1880 1301 1906 com-

237 1943 379 1968 munes
393 1930 570 1968 juvenali
588 1938 627 1968 et
640 1931 790 1968 Persio:
805 1939 1063 1982 quapropter,
1078 1931 1168 1970 vide
1182 1932 1300 1970 Eleu-

240 1994 360 2032 chum
377 1994 596 2041 Juvenalis,
613 2003 754 2034 nostrae
773 1995 976 2043 editionis,
993 1998 1037 2033 T.
1053 1998 1109 2042 Π,
1122 2010 1162 2047 p.
1185 1996 1230 2034 51
1257 2006 1297 2035 et

240 2071 350 2110 seqq.
379 2061 452 2097 Eas
477 2066 629 2097 tantum
646 2059 973 2107 memorabimus,
1003 2074 1100 2112 quas
1127 2061 1302 2099 Persium

240 2123 371 2161 solum
394 2123 536 2161 habere
563 2124 800 2162 noverimus.

188 2201 239 2237 A.
259 2199 379 2237 Persii
400 2199 527 2237 Flacci
554 2200 696 2238 Safirae.
723 2200 853 2239 Editio
881 2201 1130 2253 perantiqua,
1151 2201 1300 2253 absque

240 2264 332 2301 anni
351 2271 391 2301 et
414 2263 656 2315 impl-essoris
678 2273 784 2303 nota.

189 2339 309 2376 Persii
328 2339 468 2376 Lucilii
490 2339 618 2386 Fiacci
639 2344 764 2392 poetae
782 2341 986 2380 satirarum
1000 2341 1137 2388 Liber,
1152 2343 1301 2393 absque

243 2403 354 2449 anni,
369 2403 447 2441 loci
464 2412 503 2442 et
522 2404 762 2455 impl-essoris
779 2414 885 2444 nota.

242 2467 306 2505 Ad
322 2467 439 2505 finem
450 2497 462 2515 ,
483 2468 579 2506 folio
593 2482 703 2508 verso
717 2499 729 2517 ‚
749 2469 832 2508 haec
849 2470 1054 2521 leguntur:

565 2546 663 2578 Liber
682 2548 785 2579 Persii
802 2548 924 2579 Lucilii
944 2548 1036 2578 Aulii
1052 2547 1153 2578 Flacii

738 2601 892 2632 Feliciter
906 2599 991 2631 finit.

250 2639 299 2676 Et
315 2640 412 2679 infra
427 2656 437 2679 z

271 2715 414 2757 Explicit
432 2719 567 2762 ignotus
589 2722 682 2765 (lege
698 2721 851 2765 intortus)
873 2733 933 2765 per
949 2729 1060 2755 totum
1076 2723 1205 2756 Persius
1218 2723 1342 2756 orbem.

1399 1347 1435 1357 ..
1472 1319 1528 1365 4⁰.

1336 1526 1449 1568 1470.
1477 1517 1529 1557 Γ).
