1846 3184
557 230 632 275 ΙΝ
659 222 1226 276 rEnsmsA'rlRAM
1250 231 1303 273 v.
1517 231 1598 290 193

585 346 654 384 IN
681 344 956 384 summ
983 345 1276 392 QUINTAM.
1503 304 1505 307 ’

762 467 816 489 ΑΒ
843 466 1102 489 conuu'run.

317 563 365 599 V.
399 574 434 598 1.
468 560 672 598 Coenanda
705 559 892 611 Cb‘coml]
924 559 1079 612 Glycon
1107 559 1303 612 tragoedus
1333 559 1485 613 populo
1510 563 1609 601 mire

264 625 433 678 placuit,
449 633 487 663 et
510 624 600 668 ideo
623 638 646 662 a
668 627 822 663 Nerone
849 625 1110 663 manumissus
1129 633 1209 671 est,
1226 624 1326 663 datis
1342 625 1504 677 Virgilio
1527 635 1610 665 tra-

263 689 380 741 goedo
398 689 559 727 domino
579 689 686 740 ejus,
706 701 778 739 pro
794 697 901 740 parte
919 688 1102 734 dimidia,
1121 702 1241 740 quam
1261 688 1483 740 possidebat
1495 718 1507 736 ‚
1528 703 1613 728 ses-

221 804 228 810 ·
266 754 469 792 tertiorum
483 753 664 791 tercentis
684 752 860 790 millibus
875 753 971 804 (πο).
988 753 1060 790 Ηίο
1084 753 1158 790 fuit
1176 761 1329 791 staturae
1347 753 1473 805 longae
1484 783 1496 801 ‚
1513 754 1615 792 fusci

266 817 457 869 corporis,
470 816 573 854 labio
582 817 755 854 inferiori
766 816 933 854 demisso
944 831 952 853 :
964 824 1054 854 ante
1064 814 1184 867 quam
1193 817 1471 856 subornaretur
1479 817 1615 856 defor-

266 875 359 919 mis:
376 881 530 919 nescius
539 870 662 933 jocari
673 909 684 927 ,
701 888 861 931 propter
874 880 985 931 quod
1000 893 1092 917 eum
1106 880 1299 918 insulsum
1317 871 1471 919 Persius
1485 881 1597 919 dixit.

319 953 369 989 V.
392 957 450 996 14.
470 951 595 987 Verba
610 959 709 1000 togoe
723 951 921 999 sequeris]
936 952 1042 1001 Toga
1055 958 1114 988 est
1127 964 1273 1002 purum
1289 951 1474 1002 pallium,
1491 952 1618 990 forma

267 1015 436 1053 rotunda
449 1022 488 1052 et
501 1014 646 1052 fusiore
654 1042 665 1060 ,
679 1022 796 1065 atque
809 1014 1022 1052 inundante
1036 1015 1142 1053 sinu:
1158 1024 1197 1053 et
1208 1016 1282 1054 snb
1295 1016 1433 1066 dextro
1442 1016 1621 1064 veniens,

270 1092 388 1131 super
416 1078 624 1116 humerum
660 1079 857 1116 sinistrum
885 1079 1048 1130 ponitur
1066 1094 1075 1116 :
1102 1081 1217 1132 cujus
1248 1080 1546 1118 similitudinem
1578 1081 1639 1126 in>

272 1143 523 1195 operimentis
543 1142 838 1181 simulacrorum
850 1172 861 1190 ,
880 1142 943 1181 vel
967 1143 1208 1194 picturarum
1228 1142 1458 1195 aspicimus,
1477 1158 1622 1196 easque

271 1215 416 1245 statuas
431 1215 578 1259 togatas
593 1220 791 1245 vocamus.
807 1209 914 1259 Toga
927 1221 1019 1245 vero
1036 1208 1202 1246 Romani
1220 1209 1261 1246 in
1277 1222 1372 1260 pace
1386 1208 1598 1246 utebantur
1608 1236 1622 1254 ,

270 1271 313 1308 in
323 1270 430 1310 bello
445 1271 741 1322 paludamentis.
757 1274 940 1309 Mensura
954 1274 1179 1324 togaejustae
1194 1285 1304 1310 senas
1318 1272 1430 1327 ulnas
1439 1273 1621 1310 habebat.

323 1345 371 1379 V.
395 1355 458 1380 22.
482 1343 727 1392 Quandoque
752 1351 892 1379 ποεῖν-ιε
906 1357 1009 1392 pars
1037 1351 1103 1379 tua
1127 1345 1199 1389 sit,
1226 1344 1389 1380 Comute
1400 1372 1414 1389 ‚
1435 1345 1621 1389 am'moe.]

271 1407 466 1444 Sententia
480 1420 503 1444 a
518 1406 732 1458 Pythagora
746 1414 864 1445 tracta
874 1435 886 1452 ‚
901 1407 1105 1445 dimidiam
1115 1406 1257 1445 'animae
1272 1420 1351 1460 suae
1366 1416 1515 1460 partem
1528 1407 1626 1445 dicit

271 1472 509 1517 Comatam,
527 1479 574 1508 ut
592 1471 773 1508 Horatius
790 1471 999 1522 Virgilium
1016 1486 1026 1508 ε

504 1550 546 1580 Et
561 1560 670 1580 serves
683 1549 804 1580 animae
818 1549 994 1580 dimidium
1014 1560 1104 1580 meae.

323 1620 371 1656 V.
384 1618 406 1655 3
414 1631 429 1654 1
437 1645 448 1654 .
457 1617 663 1656 Suc-cinctis
671 1618 865 1669 Laribus]
878 1617 982 1664 Quia
991 1617 1143 1655 Gabino
1153 1617 1306 1664 habitu,
1317 1619 1528 1670 cinctuque
1538 1618 1579 1670 (α
1586 1620 1623 1669 ι)

271 1681 339 1719 Dii
362 1683 523 1719 Penates
550 1681 818 1721 formabantur
828 1710 840 1728 ,
861 1680 1039 1719 obvoluti
1068 1680 1158 1738 toga
1185 1694 1303 1732 super
1330 1681 1541 1722 humerum
1569 1683 1627 1719 si-

272 1741 461 1790 nistrum,
481 1745 618 1782 dextro
636 1744 758 1782 nudo.

327 1817 376 1851 V.
400 1815 462 1851 33.
487 1815 687 1851 Candidus
712 1815 854 1860 umba]
875 1812 1118 1859 Συνεκὸοχικῶς
1142 1828 1216 1866 pro
1242 1823 1344 1867 toga.
1369 1815 1562 1866 Alioquin
1586 1822 1625 1852 et

275 1878 318 1919 in
334 1885 518 1929 praetexta
537 1877 729 1915 candidus
746 1878 869 1919 umbo
889 1886 959 1916 est.

326 1956 376 1991 V.
398 1960 461 2001 47.
485 1956 629 1992 Nostra
652 1956 721 1991 vel
735 1954 910 2005 aequali.]
934 1956 1020 1992 Hoc
1046 1955 1266 1997 secundum
1282 1956 1498 2007 astrologos
1515 1955 1623 1994 dicit.

276 2025 317 2055 et
334 2016 398 2055 hic
417 2030 551 2056 sensus
570 2026 714 2056 tractus
730 2027 788 2056 est
804 2019 855 2056 ab
871 2019 1033 2057 Horatio
1051 2029 1070 2055 τ’

513 2098 578 2128 Seu
598 2095 701 2135 libra,
718 2107 778 2127 sen
800 2107 852 2127 me
875 2096 1026 2139 scorpius
1047 2097 1175 2139 aspicit.

330 2165 378 2202 V.
400 2164 462 2202 52.
483 2166 596 2202 Mille
613 2166 818 2202 hominum
837 2167 1010 2215 speclea]
1030 2167 1079 2203 Et
1094 2167 1300 2204 Horatius:

509 2243 601 2283 Quot
617 2242 764 2285 capitum
777 2243 898 2274 vivunt
908 2266 918 2282 ,
936 2243 1076 2275 totidem
1093 2243 1281 2274 studiorum

505 2295 617 2326 millia.

277 2365 326 2403 Et
341 2365 545 2404 Terentius
562 2378 571 2401 :

510 2443 604 2482 Quot
623 2442 729 2483 capita
742 2463 751 2480 ,
770 2447 820 2471 tot
840 2440 1018 2471 sententiae.

330 2511 378 2548 V.
402 2510 463 2549 53.
486 2513 590 2550 Velle
610 2523 720 2548 suum
741 2511 876 2558 cuique
896 2513 979 2554 est.]
998 2509 1047 2545 Et
1066 2507 1275 2559 Virgilius:

514 2611 523 2620 .
548 2610 556 2619 .
584 2611 592 2619 .
619 2611 626 2620 .
650 2587 765 2620 Trahit
782 2597 841 2620 sua
858 2597 1025 2630 quemque
1042 2586 1206 2629 voluptas.

1331 2653 1380 2697 13
