1846 3184
241 307 298 364 76

586 309 641 349 A.
676 305 921 350 PERSII
961 307 1212 351 FLACCI

300 388 406 442 Quae
428 397 550 446 pater
573 389 765 431 adductis
789 389 945 432 sudans
969 390 1134 432 audiret
1157 391 1317 431 amicis.

297 464 321 505 J
325 478 401 506 ure
417 479 427 505 :
445 464 603 506 etenim
619 465 665 506 id
680 480 897 507 summum
907 499 922 518 ,
934 464 1043 523 quid
1060 466 1206 508 dexter
1222 467 1343 507 senio
1359 465 1487 508 ferret

300 540 418 582 Scire
438 552 527 582 erat
544 541 590 582 in
609 552 734 595 vot03
753 541 954 583 damnosa
971 542 1163 584 canicula
1184 552 1393 599 quantum

301 615 507 670 Raderet3
523 627 710 674 angustae
729 617 841 659 collo
859 621 948 659 n'on
965 617 1102 659 fallier
1118 632 1251 670 orcae;

241 744 450 791 parentibus
465 752 500 778 et
518 743 675 790 cognatis
687 768 698 785 ,
714 752 756 778 ut
774 746 823 778 eis
835 743 885 777 sic

240 796 440 839 adulando,
463 798 631 844 majorem
650 805 826 843 quaestum
845 809 885 830 ac

241 848 443 883 mercedem
461 850 711 895 expiscaretur.
731 850 771 882 P.

272 922 276 926 ·
289 902 348 946 4⁴7.
368 905 448 944 Quoe
457 911 556 945 pater
571 901 746 946 adductis]
763 900 885 934 Decla-

242 954 386 988 mabant
403 955 509 1001 pueri
527 958 624 988 sexta
642 957 786 1001 quaque
805 953 863 987 die
874 979 885 996 ,

241 1016 414 1053 praesente
426 1016 527 1053 patre
536 1033 546 1049 ,
561 1008 623 1054 qui
637 1007 768 1041 amicos
780 1015 815 1040 et
828 1019 887 1040 co-

240 1063 365 1107 gnatos
377 1059 575 1095 adducebat
584 1086 595 1101 ,
610 1060 654 1094 ad
667 1059 888 1103 audiendum

241 1113 372 1148 filium.
402 1113 490 1147 Vid.
525 1114 682 1156 Quintil.
719 1114 782 1147 lib.
817 1114 855 1147 II
875 1138 886 1155 ,

242 1179 321 1214 cap.
342 1181 385 1214 7,
403 1176 438 1201 et
461 1168 518 1209 X,
537 1180 616 1214 cap.
643 1167 676 1201 5.
691 1169 883 1199 —Sudans.

241 1215 408 1268 Ᾱγωνιῶν.
421 1222 586 1268 Explicat
605 1221 738 1256 Statius
753 1221 791 1254 in
813 1221 886 1267 epi-

242 1272 346 1307 cedio
360 1274 471 1320 patris
484 1273 539 1307 sui
557 1287 565 1306 ε

244 1347 351 1384 Qualis
365 1358 428 1377 eras
438 1368 448 1384 ‚
462 1347 566 1377 Latios
580 1347 699 1386 quoties
713 1356 769 1387 ego
784 1347 887 1376 carmi-

323 1404 362 1423 ne
374 1400 474 1433 patres

242 1440 427 1478 Murenam,
442 1441 576 1481 felixque
598 1441 643 1471 tui
665 1447 816 1480 spectator
834 1440 888 1470 ad-

325 1498 404 1518 esses
427 1508 431 1512 -

242 1535 397 1565 Muneris!
417 1535 486 1565 Heu
505 1534 590 1574 quali
611 1534 754 1566 confusus
779 1535 888 1576 gaudia

324 1582 415 1612 fletu!

243 1630 326 1661 Vota
346 1629 476 1669 piosque
496 1635 593 1660 metus
611 1629 708 1667 inter,
727 1630 890 1669 laetumque

323 1677 484 1717 pudorem.
741 1679 776 1706 P.
791 1683 821 1706 et
839 1678 873 1707 C.

291 1744 349 1786 48.
360 1745 460 1791 Iura]
474 1743 511 1778 Si
525 1756 597 1778 non
613 1744 759 1778 omnino
773 1751 887 1785 recte,

243 1806 280 1832 at
289 1798 411 1832 saltem
422 1798 676 1832 convenienter
685 1798 767 1832 vitae
782 1809 890 1843 quam

243 1852 387 1898 agebam
403 1876 414 1893 ,
430 1860 466 1886 et
483 1852 550 1885 fini
574 1864 681 1898 quem
700 1851 746 1884 ob
767 1850 890 1884 oculos

243 1904 427 1938 habebam:
441 1904 590 1950 quippe,
599 1915 892 1950 puel-,summum

243 1957 384 1991 bonum
421 1969 495 1990 non
528 1956 627 1990 aliud
660 1956 892 2002 agnoscebam

243 2018 377 2058 praeter
398 2009 528 2044 ludum
555 2019 590 2044 et
611 2012 734 2056 jocum
749 2035 760 2050 ,
787 2009 891 2043 serias

245 2073 346 2094 curas
372 2060 476 2106 nugis
502 2068 790 2107 postponens.—-
808 2061 895 2101 Quid

243 2115 359 2146 dexter
373 2115 459 2146 senio
474 2113 594 2156 firret.
624 2112 802 2146 Puerilem
824 2112 890 2144 las-

244 2163 372 2199 civiam
391 2164 433 2197 ab
449 2163 586 2209 aliquot
606 2162 807 2196 lusionibus
829 2161 892 2195 de·

245 2218 379 2254 scribit.
406 2217 524 2251 Prima
548 2225 622 2250 erat
636 2215 890 2261 2u822oe3quem

243 2267 366 2301 lusum
391 2267 498 2301 fuisse
521 2266 792 2301 celeberrimum
808 2277 890 2311 per-

245 2320 352 2353 multi
393 2319 492 2366 apud
525 2327 659 2354 veteres
685 2325 885 2359 testantur,

242 2372 420 2418 imprimis
436 2371 534 2406 istud
547 2370 720 2419 Lysandri
731 2370 888 2404 dictum:

243 2427 324 2465 Τοὺς
355 2428 412 2472 μὲν
445 2422 573 2465 παῖδας
601 2427 669 2464 τοῖς
698 2424 893 2470 ἀςραγάλοις

243 2475 312 2511 δεῖν
335 2478 525 2524 ἐξαπατᾷν,
545 2478 619 2517 τοὺς
643 2475 683 2512 δὲ
702 2474 823 2524 ἄνδρας
843 2477 895 2522 ὅρ-

244 2543 322 2570 κοις.
330 2531 426 2565 Plut·
438 2531 476 2564 in
488 2531 553 2565 vit.
562 2529 719 2576 Lysand.
730 2529 787 2564 Ad
795 2530 896 2563 hunc

1535 620 1582 656 50

937 744 1059 778 lusum
1075 752 1211 790 spectat
1226 746 1364 777 senionis
1377 751 1413 778 et
1426 745 1585 776 caniculoe

938 797 1073 831 mentio
1091 809 1099 829 :
1125 809 1207 831 nam
1221 822 1231 839 ,
1250 804 1292 830 ut
1316 797 1487 843 quisque,
1506 796 1583 830 talis

935 849 1090 896 jactatis,
1101 851 1261 882 senionem
1273 850 1287 894 (
1297 849 1330 883 le
1344 849 1494 883 nombre
1507 849 1584 894 six)

938 902 1093 943 miserat,
1102 902 1266 935 vincebat
1276 915 1284 935 :
1297 902 1351 935 sin
1367 915 1480 934 canem
1489 903 1502 946 (
1510 901 1585 946 l‘as)

938 954 1149 988 vincebatur
1165 966 1174 987 :
1191 953 1274 987 ideo
1297 955 1481 988 senionem
1490 955 1587 997 flerre

939 1007 1027 1042 dicit
1036 1007 1185 1047 Persius,
1195 1007 1265 1041 hoc
1274 1016 1337 1046 est,
1345 1007 1489 1041 lucrum
1498 1019 1588 1041 con-

941 1061 1079 1095 ciliare:
1101 1069 1136 1094 at
1153 1073 1276 1094 canem
1298 1062 1432 1099 radere,
1453 1059 1492 1093 id
1510 1068 1562 1094 est
1573 1084 1586 1101 ‚

940 1113 1038 1148 illato
1058 1113 1188 1148 damno
1202 1138 1212 1154 ,
1226 1125 1302 1146 rem
1319 1113 1497 1146 minuere.
1511 1113 1586 1146 An-

939 1167 1162 1214 tiquissimus
1174 1175 1292 1200 autem
1304 1166 1459 1200 talorum
1469 1165 1569 1199 lusus
1577 1191 1588 1205 ,

939 1228 975 1253 et
984 1219 1044 1253 tali
1055 1220 1230 1266 cujusque
1240 1219 1353 1252 forma
1362 1218 1447 1251 huic
1456 1225 1588 1251 nostrae

938 1272 1061 1306 similis
1074 1297 1084 1313 ‚
1098 1284 1136 1306 ac
1153 1271 1338 1306 distinctio
1351 1283 1417 1317 per
1429 1279 1565 1316 puncta
1575 1295 1588 1313 ‚

939 1338 957 1359 a
973 1337 1124 1358 numero
1143 1337 1157 1358 1
1171 1349 1182 1366 ‚
1196 1335 1310 1370 usque
1327 1322 1373 1356 ad
1393 1324 1429 1356 6.
1444 1321 1515 1356 Sed
1531 1322 1589 1355 lu-

940 1378 1052 1413 dendi
1071 1377 1200 1411 modus
1220 1389 1322 1423 aeque
1340 1371 1512 1410 incertus.
1531 1373 1587 1409 Ad

940 1431 1014 1464 haec
1031 1431 1145 1464 fusius
1166 1429 1314 1463 Adrian.
1337 1429 1499 1462 Turneb.
1520 1427 1591 1461 Ad-

939 1495 1031 1517 vers.
1054 1483 1118 1516 lib.
1134 1483 1183 1523 V,
1199 1494 1278 1529 cap.
1307 1483 1328 1515 6
1340 1506 1351 1523 ,
1367 1490 1402 1515 et
1418 1480 1565 1515 XXVII
1577 1504 1588 1522 ,

941 1548 1019 1582 cap.
1039 1535 1072 1569 3.
1097 1535 1138 1569 C.
1153 1543 1187 1568 et
1198 1535 1240 1568 A.

989 1593 1047 1632 49.
1066 1591 1232 1621 Damnosa
1254 1589 1428 1631 canicula]
1449 1587 1590 1619 Canicu-

942 1644 1048 1674 culam
1078 1640 1194 1685 (l’as)
1229 1638 1435 1673 damnosam
1459 1646 1565 1672 vocat
1577 1662 1589 1679 ‚

942 1693 1058 1741 quod,
1079 1701 1256 1740 quantum
1277 1693 1371 1726 lucri
1390 1693 1477 1724 senio
1500 1691 1591 1737 (qui

941 1748 1024 1782 ideo
1035 1747 1160 1781 dexter
1170 1746 1319 1790 dicitur)
1327 1771 1337 1788 ,
1349 1753 1489 1779 tantum
1496 1743 1592 1778 dam-

942 1801 980 1835 ni
999 1799 1159 1834 canicula
1175 1799 1295 1833 ferret.
1311 1798 1350 1831 P.

993 1859 1050 1894 50.
1082 1861 1234 1903 Angustoe
1267 1859 1350 1890 collo
1385 1869 1450 1889 non
1474 1857 1594 1899 fallier

943 1911 1058 1957 υκαι]
1076 1913 1211 1948 Orcam,
1228 1908 1360 1943 Graecis
1374 1910 1471 1956 ὕρχην
1483 1934 1494 1950 ,
1506 1920 1592 1955 pro·

943 1965 1022 2011 prie
1032 1964 1207 1999 vocabant
1220 1975 1282 1997 vas
1296 1960 1447 1995 modicae
1461 1959 1595 2008 capaci-

944 2018 1037 2051 tatis.
1054 2017 1130 2050 Hoc
1144 2017 1225 2049 loco
1236 2041 1246 2057 ‚
1261 2014 1475 2049 describitur
1487 2012 1596 2047 ludus

944 2082 1104 2111 nucum,
1129 2081 1202 2115 quo
1225 2068 1379 2102 maxime
1404 2067 1509 2113 pueri
1532 2065 1595 2100 de·

945 2123 1197 2157 lectabantur:
1223 2134 1305 2155 nam
1332 2121 1370 2154 in
1399 2128 1493 2153 terra
1517 2131 1594 2153 vas-

946 2175 1071 2210 culum
1094 2174 1278 2221 quoddam
1299 2172 1499 2218 deflgebant
1519 2196 1530 2212 ,
1554 2171 1593 2211 in

945 2228 1046 2275 quod
1073 2227 1245 2261 mediocri
1280 2225 1450 2260 distantes
1478 2224 1591 2257 inter-

943 2281 1048 2321 vallo,
1057 2280 1161 2326 pueri
1172 2291 1282 2313 nuces
1291 2278 1481 2325 jaciebant:
1494 2275 1594 2310 unde

945 2332 1054 2368 Ovid.
1072 2332 1117 2366 de
1132 2332 1233 2365 Nuce
1250 2345 1260 2365 ι

946 2398 1009 2427 Vas
1018 2404 1141 2435 quoque
1151 2404 1229 2433 saepe
1239 2403 1346 2424 cavum
1356 2391 1455 2432 spatio
1465 2391 1595 2421 distante

1029 2441 1165 2476 locatur,

987 2487 1023 2517 In
1045 2486 1132 2526 quod
1154 2485 1246 2516 missa
1267 2485 1328 2516 levi
1347 2495 1411 2514 nux
1433 2483 1516 2515 cadit
1535 2493 1596 2513 una

1029 2543 1132 2564 manu.
1152 2550 1155 2552 -

290 2641 333 2670 V.
359 2641 414 2676 48.
438 2651 603 2672 summurn.
626 2640 730 2673 Codd.
753 2640 957 2672 Mazarineus
967 2662 976 2679 ,
994 2639 1138 2672 Colbert.
1167 2638 1257 2670 8055
1268 2655 1280 2677 ,>
1296 2636 1451 2669 Fauchet.
1475 2643 1509 2668 et
1530 2643 1595 2668 tres

240 2692 295 2728 alii
304 2702 439 2732 summo,·
453 2701 485 2725 et
493 2692 668 2738 significat:
676 2693 755 2738 jure
764 2705 775 2725 :
790 2692 904 2726 etenim
916 2692 952 2724 id
960 2699 1033 2724 erat
1041 2701 1160 2724 summo
1169 2697 1248 2723 voto
1255 2713 1267 2728 ‚
1281 2690 1360 2721 scire
1369 2689 1459 2732 quid,
1471 2695 1533 2721 etc.
