1846 3184
319 245 377 296 64
448 243 738 286 SATIRAE
773 239 1069 286 TERTIAE
1098 210 1530 288 ARGUMENTss

504 325 601 360 Utile
617 337 788 359 nummus
804 325 932 368 habet3
949 325 1070 372 patriae
1085 326 1241 370 carisque
1255 326 1470 374 propinquis

506 385 693 426 Quantum
712 384 850 429 elargiri
871 383 1012 426 deceat;
1030 396 1137 430 quem
1152 392 1188 417 te
1203 385 1298 418 Deus
1313 397 1388 418 esse

505 443 527 476 J
530 441 616 475 ussit
630 466 641 484 ‚
658 449 694 475 et
709 441 866 474 humana
884 453 955 487 qua
974 449 1074 487 parte
1091 441 1226 476 locatus
1241 454 1276 475 es
1290 442 1327 475 in
1342 454 1381 475 re

505 499 610 532 Disce
625 511 635 542 ;
653 510 720 532 nec
734 497 893 533 invideas
905 523 914 540 ,
931 506 986 532 etc
992 523 1381 532 ...........

320 593 392 644 (62
403 614 456 621 —
467 591 539 641 76)
556 606 564 628 :
586 600 625 629 et
636 621 646 638 ‚
666 592 758 642 quia
775 591 933 642 plurimi
950 592 1049 629 inter
1070 593 1264 630 Romanos
1281 591 1566 644 philosophiam
1584 605 1647 630 as-

319 663 577 715 pernabantur
587 690 598 708 ‚
615 671 654 699 et
669 662 866 699 Graeculos
881 661 1004 699 tristes
1019 675 1330 713 aemmnososque
1341 663 1528 700 vocabant
1543 661 1650 699 illius

319 733 513 770 studiosos
529 761 540 778 ,
569 745 705 769 eorum
735 731 936 768 stultitiam
971 732 1188 778 remordet,
1213 733 1413 783 arguitque
1447 733 1540 770 istos
1568 720 1648 770 non

319 803 448 840 minus
473 815 553 840 esse
580 803 755 847 insanos,
781 802 900 851 quem
927 809 1134 852 aegrotum,
1161 803 1231 852 qui
1256 801 1452 840 medicum
1472 815 1495 839 a
1522 815 1561 839 se
1583 815 1652 840 vo-

321 881 451 910 catum
488 871 641 922 repellit
666 899 677 916 ,
713 870 827 907 minis
867 878 984 921 atque
1026 871 1208 926 conviciis
1249 872 1418 909 remedia
1456 872 1649 922 excipiens

322 942 458 993 (77—
472 941 582 990 106).
603 939 698 976 Inde
725 939 873 990 colligit
887 967 898 984 ‚
925 940 1179 991 philosophiae
1208 949 1399 992 praecepta
1424 954 1504 979 esse
1530 942 1648 979 animi

319 1011 489 1050 remedia
515 1010 695 1048 omnibus
722 1017 761 1046 et
787 1009 981 1060 praecipue
1004 1009 1212 1060 juvenibus
1238 1010 1455 1060 proposita,
1475 1019 1514 1048 et
1540 1011 1647 1049 omni

321 1083 459 1121 morbo
481 1081 765 1126 convenientia3
784 1093 872 1131 quae
890 1080 959 1130 qui
976 1080 1123 1130 respuit
1134 1108 1145 1126 ,
1165 1080 1303 1117 frustra
1317 1093 1356 1117 se
1371 1093 1507 1118 sanum
1525 1082 1646 1132 profiss

323 1161 448 1191 tetur:
473 1165 562 1190 nam
588 1151 737 1196 statim,
760 1151 958 1188 occasione
985 1150 1073 1188 data
1087 1180 1098 1197 ,
1120 1158 1187 1188 aut
1202 1151 1361 1188 Veneris
1378 1151 1544 1188 stimulis
1566 1151 1650 1202 agi-

325 1231 448 1269 tatus,
477 1235 644 1272 opumve
671 1220 735 1257 siti
759 1229 922 1257 aestuans
938 1249 948 1266 ,
976 1219 1066 1271 gulfi
1092 1221 1283 1271 percitus,
1304 1228 1372 1257 aut
1396 1220 1534 1258 timore
1561 1233 1650 1272 per·

324 1293 475 1340 vulsus,
495 1300 563 1330 aut
580 1292 709 1329 furore
727 1299 835 1328 actus
851 1291 972 1335 dicet,
993 1291 1182 1342 facietque

463 1403 465 1405 ,
512 1390 1244 1400 ....................
1271 1364 1369 1411 quod
1387 1366 1462 1412 ipse

508 1424 590 1458 Non
604 1423 678 1458 sani
696 1435 769 1459 esse
785 1423 939 1458 hominis
951 1436 1024 1458 non
1040 1436 1144 1459 sanus
1154 1424 1416 1470 juret-Orestes.
