1846 3184
227 322 231 327 ’
283 328 367 371 116

624 330 675 372 A.
712 330 958 372 PERSII
1002 331 1257 374 FLACCI

775 427 1117 462 conmurua

337 486 554 541 Quorsum
576 486 696 529 haec?
717 489 804 529 Aut
826 498 1005 544 quantas
1025 489 1191 530 robusti
1210 490 1410 531 carminis
1429 490 1534 531 offas
1596 493 1615 529 5

337 564 526 622 Ingeris,
544 574 593 604 ut
611 579 688 621 par
712 564 766 605 sit
792 575 972 606 centeno
995 575 1167 623 gutture
1191 565 1303 606 niti?

335 638 508 682 Grande
529 639 737 693 locuturi,
757 639 931 680 nebulas
950 639 1155 682 Helicone
1174 641 1350 698 legunto
1363 674 1374 695 ‚

278 772 461 808 hioclades
469 772 604 806 Parthis
611 785 628 805 a
637 772 803 806 Romanis
813 771 924 806 illatas

279 826 490 874 significant.
500 825 742 872 UtaNeronem
753 833 787 859 et
800 826 925 858 Rorna-

278 893 344 915 nos
353 891 517 927 proceres
526 877 712 912 laudarent
719 878 926 924 poetae3qui-

280 934 361 968 dam
371 933 533 966 Parthica
544 932 846 978 scripserunt,seu
855 931 925 965 his-

278 987 387 1022 torias
400 985 445 1020 de
459 985 568 1019 rebus
585 983 758 1018 Parthicis
770 985 836 1017 suh
855 984 924 1018 Ne-

276 1053 367 1075 rone
373 1039 491 1086 gestis,
499 1049 588 1084 quos
594 1037 653 1070 hic
660 1037 777 1070 obiter
784 1036 924 1070 Persius

276 1091 716 1140 perstringit—Ducentis
733 1092 776 1122 ab
794 1091 925 1133 inguine

267 1148 411 1192 serrum.
430 1144 576 1190 Sagittas
598 1151 634 1177 et
652 1142 719 1176 tela
739 1155 758 1176 e
775 1143 923 1176 vulnere

277 1197 499 1233 extrahentis
512 1221 522 1238 ‚
542 1203 577 1229 et
595 1195 632 1228 in
651 1195 791 1229 hostem
810 1204 924 1229 retor-

278 1251 435 1300 quentis.
462 1249 555 1283 Male
574 1272 585 1290 ,
612 1256 735 1281 nostro
760 1247 899 1294 judicio
911 1273 922 1289 ‚

275 1302 508 1340 casaubonus
532 1302 762 1347 interpretari
784 1301 926 1335 videtur

275 1358 425 1393 vulnera
437 1369 456 1390 a
472 1355 610 1389 Parthis
623 1354 840 1389 ducentibus
850 1380 860 1396 ‚
874 1356 925 1389 vi-

277 1410 468 1446 brantibus
510 1410 645 1444 serrum
690 1409 734 1442 ab
776 1409 924 1454 inguine

278 1465 294 1508 (
311 1471 384 1497 tres
415 1462 512 1496 enim
546 1460 714 1495 describit
741 1460 923 1508 jaculandi

278 1515 406 1550 modos
420 1528 430 1558 ;
445 1515 518 1548 scil.
534 1528 557 1547 a
571 1527 732 1553 mamma,
750 1514 841 1560 παρὰ
856 1528 921 1561 μα-

278 1571 329 1610 ζὸν
341 1595 352 1612 ‚
367 1582 390 1601 a
403 1570 527 1611 capite,
543 1568 637 1614 παρὰ
649 1569 686 1601 τὸ
701 1566 804 1608 δεξιὸν
815 1568 922 1608 ὠτίον,

277 1625 322 1655 ab
330 1624 481 1660 humero,
494 1620 586 1667 παρὰ
599 1615 707 1667 ὦμον)
720 1635 728 1661 ;
741 1619 923 1666 numquid

277 1675 376 1710 enim
400 1671 693 1719 Romani'poe'tae
719 1671 922 1706 laudassent

278 1727 429 1761 Parthos
442 1727 509 1760 tela
518 1725 698 1760 vibrantes
711 1732 745 1758 et
755 1724 922 1758 Romanis

277 1787 433 1814 mortem
453 1779 669 1819 inferentes,
690 1777 923 1823 potiusquam

277 1832 433 1867 victores
464 1830 680 1864 Parthorum
712 1830 890 1863 Romanos
908 1828 923 1862 ?

280 1883 381 1931 quod
402 1892 521 1917 tamen
546 1881 740 1916 dicendum
759 1883 853 1916 soret
865 1907 875 1924 ‚
887 1882 925 1931 ‚si

278 1936 425 1970 vulnera
448 1944 680 1969 sumerentur
705 1935 764 1968 hic
785 1936 899 1970 active
913 1960 925 1979 ,

281 1998 325 2024 ut
339 1989 419 2024 vult
433 1988 674 2022 casaubonus.
696 1988 736 2020 P.
753 1996 788 2022 et
799 1989 842 2021 A.

329 2054 361 2088 5.
377 2055 535 2095 Quorsum
548 2053 659 2096 hoecPJ
669 2051 823 2085 Miratur
831 2052 927 2085 enim

281 2106 484 2147 Cornutus,
498 2106 582 2138 cum
598 2104 772 2138 humilem
788 2112 928 2137 tantum

280 2159 426 2193 satiram
438 2157 578 2192 Persius
592 2157 792 2191 conscribat
801 2182 812 2199 ‚
827 2156 927 2204 quod

281 2219 454 2257 tanquam
477 2211 599 2257 epica,
619 2218 655 2244 et
682 2210 814 2257 tragica
836 2219 926 2243 trac-

282 2271 424 2297 taturus
439 2288 450 2305 ,
480 2270 535 2296 tot
565 2275 628 2296 ora
658 2270 765 2309 atque
790 2262 928 2308 linguas

283 2317 353 2351 sibi
380 2324 541 2362 exoptet.
556 2336 604 2341 --
618 2319 687 2349 Aut
709 2325 849 2359 quantas
873 2329 928 2348 ro-

286 2372 370 2403 busti
391 2370 544 2403 carminis
572 2369 658 2413 ‹ffas
687 2370 839 2413 ingeris?
863 2367 928 2402 Ca-

283 2424 466 2457 saubonus
493 2423 565 2456 sic:
597 2439 611 2452 ι
632 2422 775 2456 Persius
796 2421 929 2455 malum

290 2493 304 2505 ‹
320 2481 463 2523 poetam
486 2484 522 2510 et
543 2475 727 2510 tumidum
751 2476 838 2520 offas
854 2488 929 2508 car·

292 2544 306 2558 α
321 2531 414 2562 minis
438 2529 488 2563 ait
514 2531 657 2574 ingerere
662 2553 789 2563 ......
817 2536 930 2562 trans-

979 789 994 802 ι
1008 772 1119 807 latum
1141 772 1292 807 verbum
1315 787 1335 807 e
1358 773 1535 820 pistorum
1559 775 1617 810 vel

979 838 994 852 ι
1009 834 1211 869 coquorum
1232 824 1402 870 operibus
1418 837 1427 858 ε
1446 838 1527 859 nam
1547 827 1620 869 offa

980 894 994 907 ι
1011 885 1063 910 est
1087 878 1223 916 ἕνθεσις,
1243 879 1390 924 proprie
1413 879 1525 925 pultis
1542 904 1555 921 ‚
1576 888 1618 913 ut

979 945 993 958 α
1009 928 1145 963 indicat
1161 929 1252 963 Plin.
1262 930 1324 963 lib.
1335 931 1462 964 XVIII
1472 957 1484 974 ,
1498 943 1572 977 cap.
1583 932 1618 965 8.

980 998 994 1012 ι
1011 983 1065 1016 Ita
1085 983 1190 1016 etiam
1211 992 1386 1018 vocantur
1407 984 1459 1017 illi
1483 985 1620 1031 globuli

980 1052 994 1066 α
1009 1036 1142 1082 quibus
1151 1049 1228 1070 aves
1238 1037 1350 1070 altiles
1362 1037 1603 1072 farciuntur...
1611 1064 1619 1071 .

979 1105 994 1118 ι
1009 1090 1061 1122 Ita
1074 1113 1084 1132 ,
1104 1089 1184 1133 offa·
1204 1092 1355 1122 carminis
1377 1092 1520 1131 robusti,
1544 1103 1619 1125 car-

979 1158 993 1171 «
1009 1153 1090 1175 men
1115 1154 1190 1175 non
1217 1141 1416 1176 deductum
1430 1167 1440 1184 ‚
1458 1142 1520 1176 sed
1545 1155 1621 1176 am-

978 1211 991 1224 ·
1005 1194 1183 1240 pullatum
1198 1220 1208 1235 ‚
1231 1194 1416 1241 turgidum
1436 1203 1543 1242 atque
1565 1196 1621 1228 in-

980 1263 994 1277 «
1009 1247 1229 1281 elaboratum
1241 1247 1334 1292 (vid.
1346 1248 1367 1281 J
1372 1260 1473 1282 uven.
1485 1256 1548 1284 sat.
1560 1249 1598 1282 II
1607 1273 1618 1291 ‚

981 1317 995 1330 α
1010 1314 1046 1335 v.
1061 1300 1103 1334 33
1113 1302 1332 1346 ).—Ingeris.
1346 1301 1486 1335 Profers
1499 1302 1538 1334 in
1550 1314 1620 1348 pu-

980 1370 994 1383 «
1010 1354 1146 1387 blicum
1170 1363 1206 1388 et
1230 1354 1427 1388 lectoribus
1456 1355 1528 1388 tuis
1557 1355 1623 1388 ob·-

979 1422 993 1435 ·
1005 1406 1098 1453 jicis.
1116 1422 1130 1436 ι
1145 1428 1191 1432 -
1203 1409 1341 1450 lngeris.
1360 1407 1417 1440 Au
1438 1407 1511 1441 lieu
1533 1407 1621 1441 d'in-

970 1461 1078 1503 geris,
1093 1460 1129 1505 je
1149 1459 1193 1492 lis
1212 1461 1336 1503 egeris;
1356 1467 1391 1493 et
1407 1461 1443 1506 je
1461 1459 1622 1493 traduis:

975 1524 1166 1545 avez-vous
1186 1511 1273 1545 dans
1290 1512 1468 1546 l’estomac
1488 1521 1563 1546 tant
1576 1512 1621 1546 de

976 1564 1109 1610 gobhes
1140 1564 1329 1610 poetiques
1359 1566 1373 1608 (
1392 1577 1440 1597 ou
1469 1564 1514 1598 de
1541 1577 1622 1598 vers

977 1616 1089 1662 durs)
1107 1620 1126 1650 a
1141 1616 1272 1650 rendre
1284 1641 1294 1658 ‚
1314 1617 1401 1664 qu’il
1419 1629 1506 1650 vous
1526 1617 1622 1652 saille

973 1669 1007 1703 le
1026 1682 1168 1703 secours
1191 1668 1236 1703 de
1259 1678 1342 1703 cent
1365 1669 1512 1716 gosiers.
1540 1670 1621 1713 Offa

975 1723 1112 1769 signifie
1131 1723 1314 1765 boulette,
1334 1722 1471 1769 gobbe,
1489 1730 1524 1756 et
1544 1735 1619 1758 non

974 1778 1069 1822 pate.
1089 1778 1236 1809 Diderot.

1024 1836 1059 1867 6.
1092 1837 1133 1865 Ut
1152 1846 1219 1877 par
1243 1835 1303 1872 sit,
1326 1834 1407 1880 eea]
1433 1833 1545 1867 Velut
1573 1833 1619 1867 ad

977 1885 1198 1932 trajiciendas
1208 1887 1298 1919 offas
1307 1886 1383 1919 illas
1395 1886 1601 1933 grandiores
1611 1912 1622 1927 ‚
1676 1880 1680 1884 ζ

978 1939 1052 1974 sive
1073 1939 1118 1973 ad
1138 1938 1374 1985 proferendos
1388 1952 1509 1974 versus
1534 1939 1623 1974 adeo

979 2000 1175 2038 turgentes.
1192 2013 1238 2018 --
1254 1994 1343 2032 Niti,
1368 2005 1436 2040 pro
1465 1993 1596 2028 habere
1610 2018 1622 2036 ,

980 2044 1113 2077 fultum
1136 2057 1220 2079 esse.
1240 2046 1279 2079 P.

1031 2115 1063 2148 7.
1075 2105 1206 2135 Grande
1213 2105 1374 2147 locutura]
1387 2104 1492 2138 Vates
1501 2128 1512 2144 ,
1522 2116 1626 2150 gran·

983 2154 1029 2188 de
1045 2156 1179 2201 aliquid
1198 2156 1354 2189 locuturi
1368 2180 1378 2197 ‚
1399 2158 1545 2200 legunto,
1562 2166 1623 2189 etc.

980 2209 1212 2249 Catachresis‚
1230 2217 1269 2242 ut
1282 2222 1360 2255 sup.
1372 2217 1435 2242 sat.
1450 2210 1468 2242 1
1481 2235 1492 2252 ,
1505 2223 1540 2243 v.
1559 2214 1601 2250 14
1613 2222 1624 2242 z

1121 2266 1244 2295 Grande
1256 2266 1373 2306 aliquid
1382 2288 1391 2302 ‚
1405 2273 1465 2296 etc.

979 2320 1168 2350 —Nebulas
1176 2319 1326 2350 Helicone
1335 2321 1473 2361 legunto.
1480 2318 1531 2352 Ut
1543 2330 1622 2365 sup.

981 2370 1026 2404 ad
1036 2371 1239 2417 prologum,
1250 2372 1625 2414 Heliconiadasque‚pal-

980 2423 1147 2466 lidamque
1171 2422 1321 2455 Pirenen.
1332 2443 1379 2448 -
1388 2424 1537 2455 Nebulas.
1554 2424 1623 2457 Le-

981 2475 1039 2510 via
1051 2500 1062 2517 ‚
1077 2483 1112 2509 et
1131 2487 1210 2523 quae
1226 2474 1298 2509 sola
1317 2474 1434 2522 specie
1452 2483 1536 2509 sunt
1551 2488 1625 2510 ma-

982 2540 1063 2575 gna-

334 2648 377 2677 V.
397 2648 428 2677 6.
445 2647 585 2679 Gutture.
604 2648 727 2679 Omnes
743 2646 851 2679 nostri
867 2645 963 2678 codd.
978 2645 1102 2678 habent
1112 2645 1167 2678 ita.
1182 2645 1395 2679 casaubonus
1407 2645 1453 2678 ait
1465 2645 1626 2689 quosdam

290 2698 403 2741 legisse
413 2699 555 2741 gurgite.
