1846 3184
682 355 945 399 SATIRA
978 354 1063 398 IV.

1470 373 1547 415 107

274 444 424 500 Coepe,
439 450 484 483 et
498 439 652 481 farrata
662 470 675 492 ,
692 434 850 497 pueris‘
856 436 1162 496 plaudentibus
1173 468 1185 491 ,
1203 437 1287 478 olla
1298 469 1309 490 ‚

273 518 510 559 pannosam
531 515 676 557 faeoem
698 513 921 556 morientis
941 513 1086 555 sorbet
1106 511 1248 555 aceti?

272 595 331 635 At
352 593 388 634 si
409 603 563 634 unctus
586 606 744 643 cesses,
763 601 807 633 et
827 590 930 649 figas
952 590 997 631 in
1020 600 1118 632 cute
1140 589 1272 631 solem
1283 621 1302 646 ,-

272 669 349 711 Est
365 683 501 727 prope
516 679 558 711 te
573 668 766 727 ignotus,
781 667 928 709 cubito
946 667 1021 724 qui
1039 676 1183 725 tangat
1198 698 1209 719 ‚
1224 676 1267 708 et
1282 680 1376 707 acre

216 797 267 831 ita
285 808 322 831 se
343 795 497 830 invicem
519 794 565 829 ad
586 795 801 830 hilaritatem
818 803 856 828 et

216 849 263 884 ad
271 848 474 884 hibendum
485 849 695 883 invitabant.
710 848 857 882 Plautus

216 900 255 936 in
272 901 397 936 Sticho
408 927 418 942 ‚
434 914 530 936 scen.
545 902 661 935 XIII:

215 963 298 994 Bene
318 974 394 999 vos,
413 964 491 993 bene
511 974 588 1000 nos,
607 963 687 995 bene
707 970 758 998 te,
780 963 859 992 bene

297 1021 365 1047 ne,
381 1011 461 1041 bene

218 1057 363 1087 Nostram
374 1057 464 1087 etiam
475 1058 682 1098 Stephanium.
804 1059 838 1087 Ρ.

220 1114 421 1145 -ΊῚιηὶεαι,
437 1126 510 1146 cum
522 1115 589 1146 sale
605 1115 751 1146 mordens
764 1127 860 1157 coepe.

220 1162 326 1210 Caepe
337 1163 509 1207 comedit,
516 1178 562 1200 ne
572 1166 701 1199 tunicis
712 1166 860 1212 quidem

218 1215 428 1251 rudioribus
451 1226 488 1253 et
511 1217 713 1252 involucris·
729 1231 861 1266 purga-

222 1275 315 1302 tum.
589 1290 592 1292 v

269 1321 329 1356 31.
354 1322 562 1356 tarr-aed...
585 1323 685 1369 allai]
714 1322 759 1357 Id
788 1332 861 1365 est,

221 1377 369 1408 mordens
391 1389 479 1419 coepe
500 1377 599 1408 eumz.
621 1388 707 1410 cum
732 1376 802 1410 sale
825 1385 862 1410 et

222 1426 293 1460 olla
314 1427 441 1462 farrata
453 1453 464 1470 ‚
479 1430 592 1471 pueris
611 1430 861 1472 plaudentibus,

220 1477 491 1514 laenntihm—
502 1483 577 1514 oua
584 1481 735 1525 fhrrata.
754 1481 861 1516 Farre

222 1533 340 1567 multo
354 1559 366 1576 ,
390 1546 453 1568 seu
479 1534 582 1581 pulte
610 1547 654 1568 ex
678 1535 861 1569 frumento

222 1586 385 1622 confecta
403 1611 415 1628 ‚
444 1601 488 1620 un
515 1589 684 1621 chaudron
710 1590 799 1631 plain
822 1590 863 1621 de

218 1650 327 1682 grosse
338 1642 477 1673 bouillie.
487 1641 527 1673 A.
534 1642 697 1673 —Pueris
700 1643 863 1684 plauden-

223 1693 315 1725 tibus.
329 1692 458 1739 Magna
471 1693 646 1740 emphasis
658 1703 711 1728 est
723 1694 759 1727 in
775 1694 844 1727 illis
853 1720 863 1734 ,

216 1747 329 1788 pueris
346 1749 579 1790 plaudentibus
590 1761 602 1780 :
622 1748 691 1781 hoc
713 1755 765 1781 est
776 1772 787 1788 ‚
803 1748 862 1782 lae·

225 1797 403 1840 rantibus,
420 1808 457 1834 et
478 1812 548 1846 pro
566 1800 701 1846 magnis
717 1800 863 1835 lautitiis

224 1849 438 1884 habentibus
449 1876 461 1893 ‚
479 1851 579 1897 quod
589 1852 708 1898 pultis
724 1852 796 1886 offa
811 1865 863 1887 sa·

227 1901 416 1945 fiarent-nr,
426 1913 463 1938 et
473 1903 622 1950 quidem
634 1904 695 1938 die
709 1905 808 1938 festo.
823 1906 862 1940 C.

274 1955 661 2003 32.Pann0samsaecem.]
678 1974 693 1987 ι
702 1958 771 1992 Ista
779 1967 865 1992 suut

230 2023 246 2037 α
260 2020 344 2042 vere
366 2008 529 2045 Persiana
543 2035 555 2051 ‚
573 2011 693 2057 inquit
712 2012 861 2046 casaub.

232 2079 247 2091 ι
259 2061 330 2096 hoe
341 2070 413 2104 est,
428 2064 696 2109 ἔμφατικώτατα..
712 2065 795 2099 Non
812 2066 866 2100 bi·

230 2129 246 2142 «
258 2113 313 2147 hit
324 2113 453 2148 vinum
462 2140 473 2155 ,
485 2114 547 2149 sed
562 2126 708 2156 acetum,
729 2116 770 2151 id
789 2126 842 2152 est
851 2142 864 2159 ‚

229 2180 245 2194 ι
261 2163 341 2202 οἶνὸν
363 2169 513 2214 τρυγίαν,
527 2181 679 2216 vappam
700 2179 762 2205 aut
780 2183 864 2217 pos-

231 2231 247 2246 ·
260 2227 397 2252 mmm.
408 2217 476 2252 Hic
483 2217 658 2265 deparcus
667 2232 742 2254 non
752 2221 869 2255 solum

231 2283 247 2298 ι
260 2267 354 2303 bibit
374 2277 536 2313 acetum;
555 2270 619 2305 sed
641 2280 782 2306 acetum
802 2286 869 2306 mo-

232 2338 248 2352 ·
261 2324 366 2363 n‘eru,
380 2324 455 2371 jam
476 2323 647 2359 deficiens
664 2334 700 2360 et
717 2326 794 2372 ipsa
810 2339 869 2361 ve·

231 2391 248 2404 ι
261 2381 390 2410 tustate
407 2385 620 2424 corruptum
636 2390 645 2411 ε
665 2379 778 2412 immo
792 2405 804 2422 ‚
823 2392 870 2413 ne

232 2442 248 2458 ι
261 2437 401 2464 acetum
409 2430 572 2478 quidem,
578 2431 640 2466 sed
648 2433 737 2467 aceti
736 2433 871 2476 saecem,

276 2537 319 2566 V.
343 2536 398 2567 31.
418 2534 626 2568 Far-rati...

911 810 926 823 ι
941 793 1042 827 istam
1058 805 1205 840 quoque
1212 806 1392 837 pannosam
1402 818 1412 832 ,
1427 791 1465 827 id
1477 801 1530 828 est
1540 818 1553 835 ‚

913 865 927 878 ι
941 849 1002 881 ὑπὸ
1022 849 1255 887 παλαιότητος.
1269 858 1285 875 »

958 898 1015 932 33.
1031 903 1079 931 At
1088 900 1117 931 si
1127 908 1239 931 unctus
1252 901 1371 943 cesses]
1386 899 1481 945 Ergo
1495 907 1554 939 tu,

912 952 976 998 qui
1000 959 1072 984 tam
1096 950 1228 986 diserte
1256 951 1343 985 alios
1370 952 1530 998 carpsisti
1542 977 1552 992 ‚

909 1017 993 1039 cave
1009 1017 1054 1038 ne
1074 1005 1227 1039 vicissim
1249 1005 1406 1051 vapules.
1426 1005 1554 1039 Enim·

911 1069 997 1091 vero
1006 1081 1018 1099 ,
1030 1056 1059 1091 si
1074 1057 1266 1091 cuticulam
1280 1057 1393 1091 otiose
1404 1069 1534 1100 curans
1545 1083 1557 1098 ‚

911 1110 1104 1158 unguentis
1118 1111 1224 1144 etiam
1241 1110 1405 1157 pretiosis
1424 1118 1460 1144 te
1473 1123 1556 1157 per·

911 1162 1077 1204 fundens,
1087 1164 1233 1210 ignavia
1242 1164 1415 1210 primum,
1424 1162 1555 1197 deinde

912 1216 1052 1263 flagitiis
1070 1225 1106 1251 et
1128 1215 1289 1251 nefande
1310 1215 1455 1250 libidini
1473 1229 1557 1263 ope-

912 1283 987 1304 ram
997 1269 1058 1304 das
1065 1295 1075 1310 ‚
1088 1269 1178 1317 quid
1186 1269 1233 1304 de
1245 1278 1281 1303 te
1290 1268 1434 1304 dicetur
1442 1269 1458 1302 ?
1467 1270 1556 1303 P.—

912 1325 1048 1370 Etfigas
1058 1325 1092 1356 in
1104 1333 1176 1356 cute
1186 1325 1293 1356 solem.
1307 1323 1356 1355 Ut
1368 1335 1478 1369 supra
1490 1335 1499 1355 :

973 1377 1012 1406 Et
1024 1375 1146 1406 assiduo
1158 1382 1263 1406 curata
1278 1375 1410 1405 cuticula
1422 1375 1496 1405 sole.

914 1431 985 1465 Ista
997 1438 1118 1464 autem
1130 1429 1296 1463 insolatio
1304 1454 1315 1471 ‚
1325 1429 1561 1471 ἡλιῶσις,ἡλιο-

914 1483 1009 1519 nata,
1026 1495 1107 1529 quae
1121 1494 1140 1515 a
1155 1481 1302 1516 medicis
1315 1490 1351 1516 et
1363 1483 1558 1528 gymnastis

913 1535 1190 1581 praecipiebatur
1201 1560 1212 1576 ‚
1230 1534 1456 1581 acquirenda
1479 1547 1561 1568 cor-

913 1587 994 1634 pori
1015 1587 1179 1621 siccitatis
1202 1590 1305 1621 causa
1317 1611 1328 1627 ‚
1349 1587 1441 1620 nihil
1462 1587 1501 1620 in
1524 1599 1560 1620 se

914 1640 1194 1687 vituperandum
1207 1640 1358 1674 habebat
1370 1651 1381 1681 ;
1396 1639 1459 1673 sed
1468 1664 1479 1680 ‚
1494 1640 1564 1673 fuit

915 1694 980 1728 alia
1005 1694 1221 1728 lascivorum
1250 1693 1442 1726 homiuum
1467 1693 1563 1726 inso-

915 1746 1002 1781 latio
1013 1772 1025 1788 ‚
1040 1745 1187 1794 quando
1206 1745 1296 1779 nudi
1314 1744 1359 1779 ad
1373 1745 1485 1779 solem
1499 1757 1563 1779 ex·

915 1800 1034 1847 positi,
1040 1811 1187 1846 operam
1196 1798 1327 1832 dabant
1337 1797 1562 1844 dropacistis,

917 1853 981 1900 qui
989 1853 1193 1887 inhonestas
1202 1861 1322 1900 partes
1333 1854 1495 1899 corporis
1505 1850 1564 1885 de-

914 1906 1086 1952 pilabant.
1109 1905 1200 1941 Haec.
1218 1914 1271 1940 est
1296 1918 1382 1939 cura
1404 1905 1497 1938 cutis
1517 1904 1563 1938 ad

916 1958 1044 1999 solem,
1057 1971 1165 2005 quam
1174 1959 1235 1993 hic
1245 1958 1397 2005 exagitat
1406 1957 1565 2001 Persius,

917 2019 958 2044 ut
974 2019 1011 2045 et
1028 2011 1260 2045 insolationes
1279 2010 1380 2057 apud
1401 2011 1563 2045 chroma-

917 2063 1039 2098 tiarios
1051 2075 1180 2097 eorum
1193 2064 1259 2110 qui
1275 2063 1434 2107 colorem
1449 2062 1494 2097 de
1508 2063 1564 2096 in·

918 2115 1056 2150 dustria
1070 2116 1139 2150 sibi
1156 2116 1394 2151 infuscabant.
1413 2117 1452 2150 C.

965 2169 1020 2209 34.
1038 2172 1096 2202 Est
1103 2182 1208 2213 prope
1223 2179 1254 2202 te
1271 2171 1417 2213 ignotus,
1430 2168 1504 2213 eta]
1524 2167 1562 2200 Si

922 2223 1079 2269 turpiter
1102 2224 1202 2257 vivas
1216 2248 1228 2264 ‚
1255 2222 1370 2256 aderit
1396 2220 1565 2268 quidam,

922 2287 1030 2321 quem
1040 2288 1115 2309 nou
1124 2275 1226 2309 noris
1237 2299 1248 2317 ‚
1260 2273 1323 2308 sed
1333 2273 1397 2319 qui
1409 2281 1444 2306 te
1452 2272 1568 2318 probe

921 2329 1020 2363 norit
1031 2354 1043 2370 ‚
1062 2337 1234 2374 tuamque
1259 2327 1349 2362 adeo
1372 2326 1483 2360 vitam
1508 2337 1567 2359 oc-

923 2381 1109 2427 cultasque
1126 2379 1293 2413 libidines
1314 2385 1567 2425 expromen—

924 2435 1036 2466 cubico
1049 2443 1192 2476 tangere.
1204 2428 1334 2479 Ᾱγκῦνι
1347 2433 1471 2466 νῦττειν
1483 2444 1494 2465 =
1507 2431 1568 2466 hic

648 2535 724 2568 olla‘.
749 2539 797 2568 Ita
820 2544 884 2568 vet.
903 2538 1007 2568 schol.
1027 2544 1061 2568 et
1080 2544 1146 2568 tres
1166 2537 1307 2568 codices.
1329 2537 1418 2576 Alii,
1437 2544 1471 2569 et
1491 2537 1568 2569 cod.

232 2594 360 2626 noster,
366 2586 545 2630 sanatam.
555 2613 564 2621 .
576 2613 583 2620 .
595 2613 603 2620 .
622 2591 720 2621 ollam
729 2602 743 2626 ;
761 2597 800 2620 ut
814 2591 856 2620 sit
870 2590 954 2621 ordo
966 2601 973 2620 :
991 2589 1103 2621 sorbet
1119 2590 1270 2621 farratam
1281 2590 1399 2628 ollam,
1411 2597 1445 2621 et
1455 2590 1567 2622 faeoem

235 2640 405 2672 morientis
423 2643 513 2673 aceti.
535 2645 585 2674 lta
601 2643 678 2673 edit.
699 2649 761 2673 vet.
785 2643 906 2673 Britan.
927 2642 1068 2680 Aldina,
1089 2649 1122 2673 et
1142 2642 1285 2674 editores
1306 2643 1474 2686 permulti.

281 2697 323 2726 V.
346 2697 400 2728 32.
419 2699 601 2729 Parmosam
616 2698 747 2741 faecem.
768 2699 849 2731 eod.
871 2706 985 2731 noster
999 2722 1009 2737 ,
1025 2700 1266 2742 pallentemque
1282 2699 1399 2742 fecem.
1420 2701 1484 2735 Sed
1503 2701 1576 2734 hoe

238 2747 374 2780 verbum
389 2750 584 2792 pallentem,
602 2752 741 2797 glossam
762 2752 894 2783 redolet.
