1846 3184
308 327 389 370 150

666 328 719 369 A.
752 326 1004 370 PERSII
1041 326 1295 369 FLACCI

361 409 595 453 seductum
614 420 803 452 moneat.
827 410 927 464 Quo
945 407 1105 451 deinde
1124 409 1272 451 insane
1290 406 1410 451 ruis?
1427 409 1527 464 Quo
1542 407 1562 451 P

362 485 480 540 Quid
501 486 582 528 tibi
598 485 691 527 vis?
716 484 865 527 Calido
888 485 968 527 sub
994 496 1167 547 pectore
1189 486 1376 528 mascula
1395 485 1494 527 bilis

362 553 597 615 Intumuit,
617 578 747 620 quam
767 577 856 604 non
877 562 1125 604 exstinxerit
1141 578 1250 604 urna
1270 563 1429 605 cicutae.

1589 566 1653 609 145

362 639 472 681 Tun’
491 643 608 681 mare
627 636 865 680 transilias?
883 638 986 679 Tibi
1003 639 1115 680 torta
1133 639 1327 686 cannahe
1346 639 1454 681 fulto
1467 670 1480 690 ,

363 716 493 757 Coena
510 716 565 756 sit
584 715 630 755 in
650 724 837 755 transtro
849 746 861 766 ,
880 715 1486 772 Vejentanumque.rubellum

363 788 544 833 Exhalet
563 789 716 848 vapida
734 790 880 832 laesum
901 790 996 848 pice
1016 791 1168 833 sessilis
1186 790 1330 832 obba?

306 932 408 964 ,τιινῐιι
438 932 545 963 solers.
574 929 763 976 Ingeniosa
791 941 956 963 corrum-

305 982 436 1033 pendis
452 983 644 1017 hominum
661 982 835 1016 moribus.
864 984 908 1015 A.

359 1038 439 1078 143.
459 1038 653 1080 Sedunum]
667 1036 735 1069 Hic
745 1061 756 1077 ,
769 1035 959 1083 separatim

308 1089 476 1133 ductum,
483 1091 543 1123 tire'
551 1092 572 1122 ὰ
582 1091 824 1132 Meam—Quo
832 1091 959 1128 deinde,

308 1155 367 1178 ete.
380 1145 500 1178 Verba
515 1144 682 1178 luxuriae.
691 1147 870 1176 —Insane.
884 1143 958 1186 Qui

308 1206 364 1232 tot
380 1197 540 1244 pericula
551 1200 629 1231 non
645 1197 785 1244 vereris.
804 1196 845 1230 P.

361 1254 441 1292 144.
463 1252 575 1284 Calido
594 1251 651 1283 sub
665 1260 798 1294 pectore
815 1251 961 1282 mascula

312 1306 382 1337 bilis
407 1304 586 1350 intumum]
617 1302 807 1350 Numquid
834 1303 870 1335 in
895 1310 961 1336 tuo

309 1366 479 1404 pectore,
507 1365 609 1390 antea
623 1382 632 1397 ‚
655 1357 742 1401 meis
766 1356 934 1402 auspiciis
949 1381 960 1397 ,

310 1413 429 1449 calido,
443 1418 588 1456 tepente
598 1410 705 1444 toties
716 1409 845 1443 Bacchi
857 1405 962 1442 doniS

312 1472 349 1498 et
357 1463 510 1497 Veneris
521 1462 702 1497 favoribus
711 1487 721 1503 ‚
735 1474 834 1495 nunc
846 1474 962 1495 novus

312 1517 425 1564 surgit
447 1517 626 1551 masculus
646 1515 779 1550 ardor?
793 1517 888 1550 Bene
907 1515 962 1549 lu-

310 1570 416 1604 xuria
423 1569 579 1612 virilem,
593 1569 790 1603 masculum
801 1569 962 1602 animum

312 1623 482 1657 militanti
509 1623 548 1656 in
581 1622 703 1657 castris
736 1622 810 1656 suis
836 1621 963 1668 juveni

314 1676 473 1710 criminis
498 1676 579 1710 loco
607 1674 733 1723 objicit
744 1699 755 1717 ,
778 1683 887 1721 atque
911 1674 965 1708 illi

313 1730 424 1763 bilem
437 1738 576 1763 tumere
590 1729 639 1762 ait
651 1753 662 1771 ‚
679 1727 718 1761 id
732 1735 783 1762 est
792 1752 802 1769 ,
817 1740 901 1761 eum
913 1727 966 1760 in-

313 1782 430 1816 sanire
443 1782 673 1829 pronuntiat-
693 1782 734 1815 C.

366 1835 446 1875 145.
471 1838 655 1877 Quammon
674 1835 870 1867 exstinxerit
882 1847 967 1867 urna

315 1887 452 1932 cicuta]
469 1887 556 1920 Bilis
571 1895 654 1920 atrae
670 1888 849 1920 servorem
861 1912 871 1929 ‚
891 1899 966 1934 quo

315 1953 414 1975 :nunc
423 1939 599 1980 ardes,vix
610 1940 819 1973 exstinxerit
829 1940 966 1980 cicutae,

317 1993 482 2041 quamvis
494 1993 640 2039 largiter
653 2001 748 2040 potae
757 2018 766 2035 ‚
781 1993 905 2039 frigus.
921 1994 965 2027 C.

368 2049 448 2088 146.
472 2048 552 2079 Tun’
568 2059 658 2078 mare
672 2047 877 2089 transiliasff]
893 2045 945 2079 Te
956 2071 967 2088 ‚

316 2099 493 2134 nimirum
506 2124 517 2142 ‚
546 2107 618 2132 tam
646 2097 761 2132 infido
789 2098 966 2131 elemento

317 2152 521 2187 committes
536 2177 547 2194 ‚
575 2152 614 2192 in
647 2164 720 2198 quo
752 2151 797 2185 sis
812 2177 822 2194 ‚
849 2159 890 2185 ut
918 2151 967 2185 ait

318 2207 454 2241 Juven.
468 2213 533 2239 sat.
548 2205 623 2239 XII
636 2230 646 2246 ‚
660 2218 695 2240 v.
715 2205 781 2239 58:

321 2290 528 2298 .......
551 2267 664 2309 Digitis
682 2278 700 2297 a
718 2273 817 2306 morte
833 2274 967 2297 remotus

320 2318 462 2355 Quatuor
479 2322 532 2346 aut
553 2322 691 2356 septem,
715 2315 742 2345 si
761 2316 801 2346 sit
821 2313 966 2345 latissima

402 2363 490 2394 taeda.

320 2423 442 2454 --Tibi
452 2419 538 2454 cot-td
550 2419 810 2463 cannabefitlto‚
824 2427 883 2451 etc.
895 2418 967 2451 Va-

320 2474 372 2508 ria
393 2472 628 2519 navigationis
650 2479 810 2507 recenset
830 2471 966 2505 incom-

1011 928 1117 962 moda
1124 955 1131 962 .
1143 926 1264 970 Tune,
1274 927 1397 974 inquit
1406 929 1564 971 luxuria,
1575 930 1659 963 cum

1012 981 1058 1015 sis
1080 976 1197 1021 mollis
1223 988 1258 1014 et
1285 979 1502 1015 delicatulus
1516 1005 1527 1023 ‚
1552 994 1662 1028 super

1011 1032 1167 1068 rudente
1181 1033 1322 1075 sedens,
1337 1046 1453 1068 coenes
1465 1034 1504 1068 in
1515 1034 1661 1069 navium

1013 1086 1202 1122 transtris?
1217 1087 1291 1133 Qui
1308 1094 1428 1122 autem
1445 1085 1588 1121 divitias
1603 1087 1661 1121 iu-

1012 1150 1134 1187 gentes
1150 1149 1359 1174 construere
1373 1139 1561 1186 optabant,
1570 1138 1665 1174 navi-

1013 1193 1149 1241 gationi
1158 1193 1359 1240 plurimum
1368 1204 1515 1238 operam
1522 1191 1665 1239 dabant3
1678 1231 1680 1234 v

1015 1246 1117 1294 quod
1129 1247 1209 1281 vitae
1224 1258 1337 1293 genus
1353 1248 1460 1292 quam
1475 1257 1641 1292 asperum
1653 1269 1665 1285 ‚

1016 1305 1124 1348 quam
1137 1301 1307 1334 miserum
1322 1299 1467 1334 luxuria
1476 1299 1536 1333 hic
1548 1305 1667 1333 osten·

1016 1354 1070 1388 dit
1083 1380 1093 1396 ‚
1110 1363 1144 1388 et
1163 1354 1386 1400 Antiphanes
1401 1353 1439 1386 in
1453 1352 1510 1386 his
1525 1366 1534 1386 :

1017 1410 1155 1448 Δὺςηνος
1172 1409 1204 1448 ὅς’
1225 1422 1272 1448 τις
1293 1409 1331 1452 ζῇ
1345 1409 1516 1441 θαλάττιον
1538 1405 1604 1448 βίον
1617 1420 1625 1428 ·

1014 1455 1056 1496 Ϊῑν
1072 1466 1114 1508 γῇ
1130 1463 1283 1496 πένεσθαι
1296 1462 1439 1507 κρεῖττον
1455 1460 1477 1497 ἢ
1495 1462 1668 1494 πλουτοῦν-

1069 1527 1114 1548 τα
1134 1517 1236 1548 πλεῖν.

1015 1587 1061 1593 -
1080 1568 1251 1600 Cannabis.
1274 1565 1337 1599 Est
1355 1577 1469 1612 genus
1493 1564 1623 1611 plantae
1648 1576 1668 1597 e

1017 1632 1089 1666 qua
1117 1619 1221 1653 funes
1245 1617 1342 1652 fiunt
1368 1625 1403 1651 et
1427 1615 1610 1651 rudentes.
1621 1636 1668 1642 -—

1021 1674 1092 1706 Tibi
1099 1672 1190 1717 fulto
1212 1673 1361 1704 cannabe
1385 1669 1480 1703 tortd.
1502 1669 1552 1703 Ut
1570 1667 1668 1715 apud

1018 1725 1220 1765 Lucilium,
1231 1726 1364 1768 pulvino
1369 1724 1497 1768 fultus,
1515 1730 1550 1756 et
1565 1723 1586 1756 J
1590 1734 1670 1756 uve-

1019 1779 1159 1822 nalem,
1173 1780 1347 1823 fidelesque
1370 1787 1440 1810 toro
1465 1778 1595 1809 meliore
1617 1788 1669 1808 re-

1020 1834 1155 1865 cumbet.
1175 1831 1217 1866 C.
1237 1838 1271 1864 et
1284 1829 1325 1863 P.

1071 1887 1150 1931 147.
1169 1882 1345 1928 Transtra]
1364 1881 1477 1915 Trabs
1492 1889 1546 1914 est
1559 1888 1672 1914 trans-

1019 1950 1121 1972 versa
1133 1963 1143 1980 ‚
1163 1948 1349 1981 scamnum
1375 1943 1411 1969 et
1434 1932 1545 1968 sedile
1564 1932 1673 1967 remi·

1020 2005 1119 2038 gum.
1133 2012 1180 2017 —-
1198 1993 1479 2034 Vejencanumque
1499 1989 1670 2020 rubellum.

1021 2044 1124 2079 Ordo
1138 2053 1190 2079 est
1206 2057 1214 2078 :
1232 2052 1268 2078 et
1283 2044 1378 2078 obba
1391 2041 1518 2077 sessilis
1532 2040 1673 2075 exhalet

1021 2100 1265 2145 Vejentanum
1279 2096 1462 2132 rubellum
1478 2096 1601 2130 laesum
1614 2106 1674 2130 va-

1019 2146 1677 2197 pidapice.-Obba.Vasligneum‚vel

1021 2217 1066 2238 ex
1074 2201 1204 2250 sparto,
1216 2203 1331 2237 simile
1343 2202 1376 2236 ei
1390 2200 1490 2248 quod
1504 2200 1597 2234 Galli
1607 2211 1670 2233 vo-

1020 2265 1102 2290 cant
1116 2258 1214 2294 baril,
1228 2256 1342 2289 latum
1357 2254 1494 2288 habens
1509 2260 1671 2287 ventrem

1019 2318 1054 2344 et
1063 2308 1232 2350 fundum,
1242 2308 1290 2341 ita
1300 2316 1341 2341 ut
1351 2319 1415 2353 per
1426 2318 1463 2339 se
1473 2304 1574 2339 facile
1585 2312 1671 2350 stet;

1018 2362 1118 2397 unde
1137 2362 1196 2396 hic
1214 2362 1325 2394 sessilis
1343 2359 1488 2393 dicitur.
1508 2357 1550 2391 C.

1069 2415 1149 2457 148.
1166 2414 1334 2457 Exhalet]
1353 2412 1523 2452 Emittat‚
1543 2408 1672 2444 fundat

1019 2469 1148 2505 vinum
1177 2468 1303 2502 laesum
1340 2465 1435 2514 pice.
1453 2486 1500 2493 -—
1519 2466 1671 2511 Vejenca-

367 2594 409 2623 V.
427 2605 440 2623 1
449 2592 506 2630 45.
522 2590 737 2624 Exstinxeric.
750 2588 834 2623 Cod.
848 2596 980 2628 noster,
994 2587 1217 2631 exstingueret.

369 2662 410 2692 V·
434 2665 508 2699 146.
530 2662 713 2695 Transilias.
730 2661 887 2694 Pithoeus
904 2662 939 2698 1,
957 2667 988 2691 et
1005 2665 1135 2698 noster,
1150 2655 1315 2689 transilies.

372 2734 410 2763 V·
436 2744 447 2763 ¹
457 2739 510 2773 47·
530 2734 584 2766 Sit.
597 2736 671 2766 Vet.
686 2733 789 2765 schol.
804 2739 836 2765 et
850 2731 1007 2764 nonnulli
1021 2728 1178 2774 codd-fit.
