1846 3184
715 264 840 309 SAT
853 266 973 307 IRA
1010 266 1048 307 Ι.

1492 271 1559 328 39»

742 360 1023 388 PBtSlus.

287 422 371 466 Hic
389 432 529 465 tamen
548 419 783 463 infodiam:
804 420 1023 475 vidi,vidi
1040 422 1151 480 ipse,
1167 422 1335 476 libelle,

1483 443 1549 466 120

283 499 535 541 Ammaous
552 512 666 540 *sm
680 497 806 539 Mnu
824 512 907 539 ux
924 513 1080 540 mnu.
1100 499 1196 540 Hoc
1211 513 1293 557 ego
1307 506 1504 558 opertum
1515 533 1530 554 ,

285 574 381 616 Hoc
395 573 535 616 ridere
552 588 696 616 meum
712 583 799 615 tam
818 573 880 615 nil
890 605 903 626 ,
919 574 1039 615 nulla
1052 574 1135 616 tibi
1148 574 1289 617 vendo

227 694 330 742 loqui
356 693 477 737 nefas,
504 702 540 728 et
566 706 710 741 carpere
732 705 861 740 pravos

225 746 416 781 hominum
434 759 563 781 mores.
575 766 621 772 —
631 747 759 779 nescire.
778 746 861 779 sub·

227 799 788 846 minavooeloqui.—Nee01am.
801 799 861 832 Se·

226 860 340 893 creto,
352 852 449 887 inter
461 853 774 887 familiarem—Nec
789 866 861 886 cum

224 908 346 939 εποδε.
357 901 503 952 Ᾰιιὺρυς,
515 919 583 953 pro
597 918 663 940 nec
675 907 711 940 in
724 907 859 940 scrobe.

225 958 361 993 Allusio
373 958 419 992 ad
436 967 615 992 tonsorem
631 957 739 992 Mida
748 983 759 1000 ‚
775 958 839 1005 qui
848 983 861 1000 ‚

225 1013 310 1045 cum
319 1011 353 1045 ei
361 1011 503 1046 vidisset
509 1010 659 1045 asininas
667 1023 739 1045 esse
746 1023 863 1053 aures,

226 1075 295 1097 nec
306 1063 422 1109 palam
434 1063 583 1097 auderet
595 1064 769 1110 evulgare,
776 1077 863 1110 pru·

228 1116 337 1149 rienti
347 1115 477 1162 lingua
490 1124 532 1149 ut
544 1115 756 1150 satisfaceret
767 1141 779 1158 ,
792 1125 864 1150 ter-

227 1180 304 1202 ram
325 1167 453 1202 effodit
464 1193 476 1209 ‚
494 1177 531 1204 et
549 1169 666 1203 scrobi
686 1169 785 1203 facta
805 1169 862 1202 in·

228 1221 422 1255 susurravit
433 1220 472 1254 id
484 1218 583 1267 quod
592 1221 742 1256 viderat.
756 1221 863 1257 ovid.

228 1273 372 1307 Metam.
393 1273 454 1307 lib.
472 1273 549 1315 XI,
565 1285 643 1320 ap.
666 1278 688 1315 4
710 1282 746 1308 et
771 1274 863 1309 5.—

200 1328 203 1330 ’
227 1328 404 1369 Nusquam.
419 1326 614 1373 Responsio
630 1325 720 1360 dura
738 1326 863 1362 adver·

229 1377 324 1412 ani.
337 1377 380 1412 P.

278 1441 354 1464 1²⁰.
364 1431 425 1464 81¹⁶
434 1440 540 1464 mmet!
550 1431 730 1475 infodiam-J
740 1430 784 1465 Id
796 1439 861 1472 est,

226 1481 317 1523 mc,
328 1482 366 1516 in
379 1482 448 1518 hoc
463 1495 544 1517 meo
558 1483 734 1525 carmine,
747 1483 862 1517 consi-

225 1535 357 1581 gnabo,
362 1535 448 1570 huic
457 1536 584 1570 charta
592 1535 733 1570 credam
742 1549 753 1579 ;
764 1535 862 1570 dein-

226 1586 275 1622 de
287 1599 366 1622 eam
381 1589 539 1622 oeculam
550 1613 562 1630 ‚
577 1601 618 1622 ac
633 1589 733 1635 quasi
748 1590 861 1623 humo

225 1649 364 1686 aggesta
378 1641 527 1675 obruam
538 1667 550 1683 ‚
566 1649 602 1676 et
617 1641 732 1676 dicam
745 1654 754 1675 :
768 1644 861 1681 vidi,

226 1694 392 1736 vifflipse,
403 1703 463 1727 etc.
478 1695 575 1729 C.—
584 1697 678 1734 Vide*‚
691 1697 773 1728 vidi.
784 1696 861 1729 Ma·

226 1756 297 1791 gna
304 1746 520 1792 emphasisin
527 1746 592 1780 hac
600 1747 862 1792 repetitione-A.

279 1794 559 1825 121.Auricu1as
585 1795 670 1826 asini
689 1795 781 1825 Mida
802 1806 863 1826 res

229 1844 335 1876 habet.
337 1846 351 1887 ]
358 1843 535 1878 Cornutus
542 1845 654 1879 Persii
665 1854 864 1892 praceptor

229 1903 268 1929 et
289 1896 444 1938 amicus,
464 1898 617 1931 Neronis
637 1905 735 1932 metu
745 1921 758 1939 ,
772 1910 862 1945 poe·

228 1955 302 1982 tam
323 1949 535 1996 impulerat,
556 1959 600 1985 ut
626 1951 718 1985 hanc
739 1951 863 1986 versus

229 2007 369 2046 partem
390 2003 482 2035 Mida
503 2014 564 2035 rex
590 2003 711 2044 habet,
731 2015 751 2036 a
778 2002 862 2037 sede

229 2061 388 2087 moveret
401 2077 414 2095 ‚
439 2063 546 2101 atque
571 2054 610 2088 in
638 2056 715 2101 ejus
742 2055 863 2088 locum

229 2103 430 2149 sufficeret,
450 2108 523 2150 quis
540 2120 606 2140 nou
624 2108 744 2146 laabet,·
763 2106 863 2154 quod

229 2156 396 2195 omnibus
412 2167 538 2192 notum
554 2167 616 2192 est.
629 2158 771 2193 Frustra
783 2159 864 2206 qui-

228 2207 312 2242 dam
320 2210 534 2244 recentiores
541 2211 657 2245 critici
668 2221 867 2258 eontrapu-

226 2269 340 2307 gnant
347 2260 524 2305 dicentes;
534 2275 607 2297 non
619 2263 738 2298 minus
746 2272 867 2310 aperte

223 2311 347 2349 viden
357 2322 519 2349 notatum
528 2315 705 2350 Neronem
713 2341 724 2358 ‚
734 2316 764 2350 si
776 2324 868 2350 attu-

230 2363 315 2399 leris
325 2366 467 2412 vulgata
482 2367 526 2401 ab
546 2380 590 2402 eo
606 2369 757 2415 scripta,
779 2379 867 2402 torva

232 2419 443 2452 fflnalloneis
447 2444 459 2459 ‚
475 2423 680 2463 Berecyntius
688 2424 780 2454 Attin
788 2446 799 2460 ‚
810 2431 868 2454 etc.

230 2469 303 2503 Sed
316 2470 427 2505 futilis
443 2482 495 2507 est
515 2486 641 2507 eorum
660 2474 844 2507 contentio
858 2486 868 2507 τ

911 706 1034 728 versus
1044 694 1259 742 reprehendi
1269 695 1447 742 patienter
1455 697 1550 731 serre

911 747 1106 793 potuisset;
1123 756 1158 782 at
1178 748 1215 782 in
1241 757 1423 784 auctorem
1443 758 1551 784 tantae

911 800 1051 846 injuria
1061 824 1073 841 ,
1087 802 1178 833 Mida
1192 813 1253 833 rex
1270 802 1385 840 habet,
1396 803 1491 848 juste
1508 815 1550 836 ac

913 853 1040 887 merito
1060 853 1243 887 saeviisset:
1261 853 1418 888 secundo
1429 879 1441 895 ‚
1458 855 1550 888 hanc

912 913 1048 951 partem
1059 906 1183 939 versus
1194 906 1301 940 ruisse
1315 907 1365 940 ita
1381 907 1550 953 scriptam

913 965 1083 1003 negarent
1097 969 1306 1003 perperamz
1322 958 1360 991 in
1377 959 1551 1005 antiquis-

914 1009 1001 1043 sima
1019 1009 1116 1043 enim
1133 1010 1243 1044 Persii
1260 1010 1351 1051 vita,
1364 1011 1416 1045 sic
1433 1023 1470 1045 se
1489 1012 1552 1045 ha-

914 1061 998 1104 bet,
987 1073 997 1082 ·
1015 1073 1082 1095 nec
1103 1062 1212 1108 paulo
1235 1061 1338 1096 aliter
1358 1075 1418 1109 ap.
1442 1065 1551 1097 Joan·

914 1126 999 1147 nem
1017 1113 1317 1148 Saresberiensem
1339 1115 1491 1162 legitur,
1508 1116 1552 1149 li-

912 1166 981 1200 bro
989 1166 1049 1208 11,
1056 1169 1220 1200 auriculas
1230 1169 1313 1200 asim
1308 1170 1426 1201 'Midas
1436 1170 1552 1201 habet.-

913 1219 1051 1260 tertio‚
1077 1231 1159 1265 pars
1189 1219 1361 1265 phrasis,
1388 1223 1461 1264 quis
1486 1234 1553 1254 mm

914 1272 1031 1309 habet,
1054 1271 1155 1305 alteri
1177 1271 1387 1318 subrogata,
1406 1281 1552 1318 praeter-

917 1335 1025 1369 quam
1034 1322 1133 1369 quod
1141 1323 1271 1358 insulsa
1280 1336 1374 1370 pene
1386 1333 1455 1367 est,
1465 1337 1554 1371 pra>-

914 1385 1019 1417 terea‚
1026 1388 1102 1410 non
1110 1388 1195 1410 cnm
1203 1376 1259 1411 his
1266 1377 1461 1412 concordat
1466 1381 1553 1417 vidi,

912 1430 1006 1468 veui,
1020 1431 1085 1472 ipse
1101 1432 1215 1463 libelle.
1231 1429 1332 1472 Quid
1357 1443 1398 1465 ea
1416 1431 1553 1478 phrasis

912 1481 1018 1515 habet
1035 1482 1169 1529 saporis
1190 1491 1227 1517 et
1245 1482 1424 1529 elegantia
1435 1496 1445 1516 ε
1459 1486 1552 1523 vidi,

911 1535 1004 1572 vidi,
1020 1535 1092 1576 quis
1102 1547 1166 1567 non
1176 1536 1296 1567 habet?
1305 1535 1402 1570 unde
1412 1548 1555 1570 necesse

913 1585 981 1619 erit
998 1585 1097 1619 aliud
1110 1586 1283 1632 quiddam
1294 1587 1363 1621 hoc
1375 1588 1455 1622 loco
1466 1589 1554 1622 olim

913 1637 1020 1671 fuisse
1047 1638 1216 1684 positum.
1248 1638 1349 1680 Quid
1373 1648 1494 1674 autem
1518 1648 1555 1674 et

912 1690 1030 1736 aptius
1054 1698 1090 1724 et
1117 1690 1279 1724 festivius
1289 1689 1308 1723 Ρ
1331 1693 1407 1725 vidi
1417 1717 1429 1730 ‚
1454 1694 1531 1725 vui
1542 1717 1555 1731 ,

912 1743 979 1785 ipse
989 1767 1001 1781 ,
1020 1744 1126 1775 libelle
1135 1768 1146 1782 ‚
1169 1744 1332 1776 auriculas
1355 1745 1441 1776 asini
1463 1746 1556 1777 Mida

914 1807 974 1828 res.-
981 1793 1088 1827 habet.
1095 1794 1207 1829 Nobis
1219 1807 1304 1842 ergo
1311 1797 1396 1830 cum
1406 1795 1531 1830 eadem
1541 1822 1553 1838 ‚

914 1860 994 1894 quae
1004 1847 1091 1881 olim
1105 1847 1268 1882 Cornuto
1279 1848 1350 1882 fuit
1361 1874 1373 1890 ,
1390 1861 1494 1883 causa
1508 1850 1554 1883 ti·

913 1900 1023 1933 moris
1035 1924 1048 1941 ‚
1067 1899 1211 1934 Nerone
1234 1902 1308 1947 jam
1325 1899 1471 1946 pridem
1491 1900 1555 1935 de-

913 1952 1040 1986 functo
1050 1977 1062 1992 ‚
1076 1964 1151 1986 non
1176 1961 1291 1995 esset,
1311 1953 1410 1987 hunc
1432 1953 1555 1988 locum

912 2007 1016 2052 juxta
1030 2013 1187 2039 mentem
1200 2010 1336 2052 poeta,
1348 2015 1386 2040 et
1397 2031 1409 2048 ‚
1424 2019 1556 2053 appro-

913 2058 981 2092 ban
986 2067 1019 2092 te
1026 2059 1172 2093 Casaub.
1178 2059 1241 2105 qui
1249 2059 1496 2093 restitueretur
1505 2058 1557 2092 di-

912 2124 1023 2158 gnum
1028 2111 1275 2158 judicavimus.
1282 2112 1406 2147 Cuivis
1416 2111 1555 2152 lectori,

915 2165 981 2211 qui
1001 2173 1164 2199 nostrum
1180 2165 1360 2212 judicium
1377 2165 1559 2210 improba·

916 2218 1028 2259 verit,
1041 2217 1158 2264 legere
1168 2218 1292 2251 licebit
1306 2229 1389 2251 cum
1402 2216 1536 2250 caeteris
1545 2228 1555 2248 :

1077 2270 1170 2306 Vidi,
1181 2270 1247 2299 vidi
1258 2270 1340 2309 ipse,
1355 2268 1458 2297 libelle
1467 2289 1478 2305 ‚

918 2316 1077 2346 Auriculas
1087 2317 1165 2346 asini
1178 2316 1248 2356 quis
1260 2326 1323 2344 non
1333 2315 1426 2344 habet
1435 2315 1450 2343 ?
1480 2315 1518 2343 A.

966 2382 1045 2404 122.
1060 2374 1129 2403 Hoc
1142 2372 1247 2402 ridere
1259 2370 1386 2412 meum]
1398 2368 1491 2402 Male
1504 2368 1560 2402 in·

918 2431 1054 2468 terpres
1073 2421 1163 2455 Gall.
1185 2420 1369 2454 Iuvenalis
1386 2423 1535 2453 Dusauzr
1546 2446 1560 2459 ,

919 2475 958 2507 in
969 2485 1036 2507 suo
1048 2473 1242 2518 prooemio,
1253 2474 1294 2505 de
1304 2474 1423 2510 satis-a,
1436 2484 1478 2506 ex
1486 2472 1560 2506 fide

232 2532 315 2555 nam
329 2547 342 2564 ‚
361 2524 479 2569 primo
493 2549 506 2566 ‚
527 2526 623 2559 Nero
646 2525 764 2559 adhuc
784 2525 870 2558 ado·
922 2525 1126 2570 interpretis
1159 2525 1375 2563 laemonnier,
1399 2519 1560 2558 Fen-'sium

232 2571 367 2607 leseens
378 2598 390 2615 ‚
404 2588 470 2609 nec
488 2584 541 2610 tot
557 2589 598 2611 ac
618 2577 721 2610 tantis
738 2577 874 2622 quibus
923 2577 1041 2622 arguit
1052 2600 1064 2617 ,
1078 2576 1179 2622 quad
1192 2575 1333 2610 fatuum
1346 2584 1383 2610 et
1394 2576 1561 2622 ineptum

234 2632 356 2670 postea
363 2627 552 2663 sceleribus
561 2630 597 2663 in
602 2629 781 2677 quinum,
791 2641 874 2663 suos
927 2627 1122 2664 derisorem
1132 2651 1145 2671 ,
1157 2635 1305 2676 propter
1316 2628 1409 2671 hac,
1423 2631 1492 2662 Hoc
1501 2641 1563 2673 ego
