1846 3184
766 301 1016 343 SATIRA
1060 301 1132 342 11.
1553 303 1606 346 55

335 385 436 428 Esto
445 415 460 438 ‚
475 398 577 443 age:
595 382 671 425 sed
686 381 867 441 grandes
887 382 1041 440 patinae
1061 391 1289 439 tucetaque
1304 397 1442 424 crassa

335 461 535 501 Annuere
550 458 617 500 his
634 457 821 515 Superos
838 467 1010 515 vetuere
1020 489 1034 509 ,
1052 456 1075 498 J
1076 471 1287 514 ovemque
1305 467 1543 506 motantur.

334 533 442 575 Rem
458 543 621 575 struere
637 542 811 590 exoptas
824 564 837 585 ,
855 546 963 574 caeso
981 532 1113 584 bove,
1135 531 1485 589 Memmiumque

333 608 521 650 Aroessis
544 607 676 650 fibrs:
699 606 754 649 da
774 607 992 649 fortunare
1016 608 1192 649 Penates
1207 639 1221 660 ,
1300 650 1304 652 ,
1565 613 1612 656 45

332 683 398 725 Da
409 698 556 741 pecus,
571 694 614 725 et
625 683 826 742 gregibus
837 683 999 724 foetum.
1013 683 1112 736 Quo
1120 714 1132 736 ,
1144 683 1342 740 pessime,
1358 693 1482 740 pacto
1494 681 1513 723 Ρ

332 759 417 801 Tot
434 759 514 801 tibi
531 762 631 801 cum
647 760 694 800 in
712 758 892 801 flammis
905 759 1102 816 junicum
1118 769 1289 800 omenta
1303 759 1539 816 liquescant
1552 757 1573 799 Ξ)

332 833 389 876 Et
407 845 548 877 tamen
566 834 638 876 hic
658 834 785 887 extis,
806 844 850 876 et
873 834 1020 892 opimo
1040 833 1207 875 vincere
1229 833 1339 875 farto

273 961 393 1005 χιῖρα,
414 958 589 1005 inquiunt
615 957 730 992 Greci
743 982 755 998 ‚
781 959 914 1003 ποτιφέ-

277 1023 376 1058 ροντα.
407 1008 459 1044 δεῖ
491 1010 552 1044 τὰν
584 1011 684 1054 τύχαν
723 1011 842 1043 καλεῖν.
870 1027 917 1034 —--

277 1064 398 1095 Nervis.
423 1063 467 1095 In
498 1062 631 1108 quibus
657 1061 807 1095 maxime
830 1073 917 1095 con-

275 1116 370 1150 sistit
387 1116 513 1150 robur.
534 1114 627 1149 Inde
649 1118 830 1160 πυροῦσθαι
850 1126 918 1160 pro

278 1167 422 1201 firmari.
450 1167 492 1200 C.
505 1169 741 1210 —Onpusque
750 1168 853 1212 fidele
870 1179 918 1198 se-

278 1229 390 1252 nectae.
402 1220 544 1265 Corpus
555 1218 699 1252 firmum
713 1227 748 1253 et
758 1217 918 1253 validum

278 1283 393 1318 usque
412 1271 458 1305 ad
477 1280 710 1306 senectutem.
737 1272 780 1305 L.

327 1329 386 1364 4²·
407 1326 502 1363 Esto,
519 1323 609 1369 age-J
631 1324 717 1357 Esto
730 1336 740 1356 ι
755 1335 829 1356 non
847 1322 916 1356 im-

277 1375 395 1421 probo
407 1375 501 1409 bona
513 1375 579 1409 ista
588 1400 600 1417 ‚
614 1387 694 1421 quas
711 1383 751 1408 tu
767 1373 914 1421 quidem

274 1429 349 1475 jam
372 1427 457 1462 inde
480 1428 573 1474 petis
587 1440 599 1470 ς
622 1439 705 1461 nam
718 1452 730 1469 ‚
755 1429 915 1461 orandum

274 1490 335 1519 at,
347 1489 388 1513 ae
394 1482 438 1513 sie
444 1493 531 1514 mens
540 1493 622 1513 sana
634 1482 667 1512 in
675 1493 808 1523 corpore
817 1493 913 1518 sano,-

274 1530 339 1567 ωδ
347 1555 359 1574 ,
373 1535 634 1566 ete—Grandes
642 1534 777 1575 patina·-
787 1532 915 1578 Sump-

273 1591 374 1618 tuosa
384 1592 445 1618 tua
455 1584 617 1619 convivia
626 1610 637 1626 ‚
647 1592 683 1618 et
697 1597 783 1618 escae
793 1584 913 1619 nimiae

275 1644 382 1671 tuum
397 1637 592 1672 destruunt
605 1646 744 1672 votum.
756 1658 804 1664 -
815 1642 914 1671 Τὶιοε-

275 1698 376 1733 mque
390 1703 509 1723 crassa.
528 1691 613 1724 Vet.
635 1690 747 1723 scliol.
771 1706 786 1719 ι
800 1694 916 1723 necta

277 1757 295 1772 ι
308 1742 407 1788 apud
426 1743 545 1777 Gallos
563 1743 762 1789 Cisalpinos
780 1739 923 1777 bubula

278 1810 294 1824 ι
307 1793 442 1828 dicitur
459 1819 471 1837 ‚
499 1794 736 1829 condimentis
766 1795 915 1841 quibus-

277 1862 295 1876 «
309 1846 391 1880 dam
402 1847 522 1881 crassis
530 1848 641 1881 oblita
649 1872 660 1888 ‚
671 1859 711 1881 ac
721 1856 892 1882 macerata
901 1861 912 1891 ;

279 1914 295 1928 ι
309 1907 345 1932 et
362 1897 444 1933 ideo
464 1907 542 1933 toto
563 1912 657 1935 anno
679 1899 798 1934 durat.
817 1899 916 1935 Solet

276 1967 295 1981 ι
309 1951 415 1984 etiam
427 1953 574 1998 porcina
591 1951 717 1986 eodem
727 1954 809 1998 jure
825 1965 912 1986 oon-

278 2019 295 2034 ·
310 2002 385 2037 dita
400 2005 528 2038 servari
538 2030 549 2046 ‚
565 2013 628 2038 aut
647 2004 693 2039 ad
713 2013 915 2039 saturarum

277 2071 295 2085 ι
308 2057 403 2102 jura.
416 2055 511 2090 Hine
522 2057 660 2091 Plotius
672 2057 813 2102 Virgilii
826 2058 913 2091 ami-

278 2123 295 2137 ·
309 2119 374 2142 cus
386 2108 425 2141 in
437 2107 559 2142 eadem
576 2109 718 2154 regione
731 2109 851 2143 Tucca
861 2118 914 2143 est

276 2175 293 2190 ι
306 2160 526 2195 nominatus.
550 2177 566 2191 ι
594 2162 683 2203 Quae
715 2161 912 2208 descriptio

272 2211 372 2246 haud
388 2213 479 2248 male
496 2214 663 2249 convenit
678 2214 734 2248 his
751 2214 911 2261 opsoniis

273 2277 355 2312 qun
368 2266 461 2300 Galli
474 2277 602 2303 vooent
613 2269 795 2301 meinans.
811 2269 855 2301 A.

320 2322 381 2360 44.
400 2322 477 2353 Rem
498 2330 620 2354 struere
638 2321 799 2367 exoptas]
823 2321 913 2356 Rem

273 2379 376 2417 optas
391 2381 547 2416 struere3
562 2382 599 2408 et
621 2382 778 2408 armenta
801 2381 862 2407 tua
884 2374 914 2407 is

275 2424 476 2458 minutum!
494 2426 589 2460 bona
609 2427 741 2460 insanis
757 2425 913 2472 largitio-

274 2476 384 2510 nibus
400 2485 436 2511 et
454 2478 554 2513 vanis
571 2477 738 2524 deperdis
751 2478 760 2510 !
771 2482 913 2510 —Mer-

275 2530 462 2571 cun'umque
469 2531 607 2563 arcessis.
621 2530 671 2563 Ut
681 2531 797 2563 Deum
806 2529 910 2563 lucri.

276 2577 351 2613 vid.
366 2592 445 2626 sup.
454 2593 491 2616 v.
509 2593 564 2614 12.

1014 955 1058 997 45
1066 981 1074 989 .
1088 955 1215 1001 Fibra]
1236 957 1376 1001 Utfibn's
1387 957 1490 989 ovium
1499 981 1510 995 ,
1526 969 1610 1003 sup.

967 1021 1003 1043 v.
1027 1010 1082 1042 26.
1105 1007 1182 1041 Hoc
1202 1007 1281 1041 loco
1294 1033 1304 1048 ‚
1320 1019 1389 1053 pro
1407 1007 1609 1050 sacrificiis,

968 1061 1184 1095 holocaustis
1195 1085 1206 1101 ‚
1229 1069 1299 1094 etc.
1310 1081 1356 1087 —
1367 1065 1421 1094 Da
1433 1062 1612 1106 fhreunare

970 1118 1113 1146 Penates.
1131 1113 1215 1147 Haec
1235 1121 1320 1146 sunt
1341 1121 1423 1147 vota
1444 1114 1559 1154 avari,
1574 1121 1611 1147 et

969 1165 1025 1199 his
1053 1165 1247 1212 respondet
1271 1170 1378 1212 poeta
1389 1191 1401 1209 ‚
1426 1179 1492 1210 quo
1509 1177 1611 1210 pacto

962 1221 1082 1262 possim
1090 1225 1108 1251 .·'

1014 1273 1071 1316 47.
1090 1273 1148 1303 Tot
1166 1272 1227 1303 eibi
1241 1273 1332 1311 ciam,
1347 1273 1423 1314 etc.]
1442 1272 1535 1307 Ci'im
1554 1279 1610 1306 tot

966 1322 1288 1369 majoresvictimas
1306 1321 1440 1365 caedas,
1460 1331 1502 1357 ut
1523 1331 1610 1357 sunt

965 1375 1076 1409 boves
1087 1399 1099 1414 ,
1121 1374 1233 1416 tauri,
1243 1375 1389 1421 juvenci
1412 1383 1447 1409 et
1461 1377 1589 1420 junae'ces
1598 1401 1612 1415 ‚

965 1428 1039 1462 sive
1057 1425 1231 1473 δαμάλεις.
1256 1428 1353 1462 «Etsi
1364 1452 1375 1469 ‚
1397 1428 1518 1475 inquit
1541 1429 1610 1463 ca-

968 1496 983 1510 ·
998 1480 1176 1514 sanbonus
1198 1505 1209 1522 ‚
1238 1479 1275 1513 in
1310 1480 1498 1514 honorem·
1520 1482 1611 1515 Deo-

967 1549 984 1562 ·
997 1545 1081 1566 rum
1102 1533 1246 1566 mactari
1267 1533 1419 1567 victimae
1443 1533 1609 1567 diceban-

968 1601 983 1615 ·
998 1594 1059 1619 tur
1071 1598 1082 1627 ;
1096 1593 1136 1618 ut
1149 1585 1351 1631 plurimum
1364 1593 1481 1619 tamen
1492 1586 1609 1619 minu-

969 1655 984 1668 ι
1000 1647 1033 1672 ta
1052 1637 1216 1684 quadam
1229 1639 1286 1681 (ut
1294 1638 1363 1670 hoc
1374 1638 1453 1671 loco
1463 1662 1475 1679 ,
1490 1650 1611 1671 omen-

969 1706 984 1720 ·
998 1691 1055 1734 ta)
1072 1689 1148 1723 Diis
1164 1688 1352 1723 adolebant
1362 1713 1374 1730 ‚
1389 1697 1514 1723 caetera
1526 1700 1609 1723 con-

969 1759 985 1772 ·
999 1742 1156 1776 vivant&
1168 1741 1403 1775 absumebant
1414 1755 1423 1775 t
1433 1754 1504 1788 qua
1514 1741 1560 1775 de
1568 1754 1609 1775 re

968 1811 984 1824 ι
998 1794 1103 1840 plura
1116 1792 1375 1827 adAthaen.lih.
1387 1794 1452 1827 IV.
1465 1806 1498 1827 c.
1516 1805 1572 1827 11.
1590 1810 1605 1822 =

964 1867 1012 1873 —-
1022 1850 1167 1880 Omenta.
1181 1846 1356 1881 Intestina
1368 1855 1454 1880 sunt
1469 1847 1609 1880 mollio-

964 1913 1003 1934 ra
1011 1925 1022 1942 ,
1035 1899 1155 1946 inquit
1165 1899 1306 1934 Festus.
1318 1900 1456 1934 Plinius
1466 1908 1584 1934 autem
1594 1925 1607 1941 ,

965 1954 1030 1987 lib.
1049 1954 1105 1987 XI
1118 1978 1129 1995 ‚
1145 1965 1224 1999 cap.
1246 1954 1290 1999 37
1304 1979 1316 1996 ,
1329 1954 1378 1988 ait
1401 1966 1476 1987 esse
1494 1966 1608 1987 mem-

963 2006 1093 2039 branas
1110 2013 1255 2048 tenues,
1270 2017 1351 2051 quae
1371 2013 1535 2040 ventrem
1553 2004 1607 2037 in-

965 2059 1131 2092 teriorem
1155 2058 1333 2104 integunt.
1343 2058 1391 2084 -—‘-
1403 2061 1607 2101 Liquescunt.

965 2111 1022 2144 Ob
1033 2109 1173 2156 adipem
1183 2118 1219 2144 et
1230 2109 1489 2157 pinguedinem
1502 2110 1607 2142 intes-

965 2163 1051 2197 tinis
1063 2162 1321 2197 adhaerentem.
1345 2162 1388 2195 P.

1010 2216 1053 2255 48
1058 2241 1065 2248 .
1074 2218 1115 2248 Ec
1122 2225 1228 2248 tamen
1237 2217 1290 2247 lu'c
1298 2217 1422 2247 σκιὰ...
1432 2215 1608 2245 vincera...

963 2269 1120 2311 intendit]
1126 2266 1282 2309 Quidam
1292 2265 1450 2312 persuasi
1458 2265 1607 2298 maxima

965 2331 1118 2366 quaeque
1152 2318 1320 2352 sacrificia
1357 2317 1394 2349 in
1431 2317 1608 2350 honorem

964 2373 1124 2406 Deorum
1135 2370 1334 2417 plurimum
1346 2367 1443 2414 apud
1456 2381 1516 2402 eos
1526 2381 1607 2414 pos-

964 2436 1021 2464 se,
1039 2423 1148 2456 nullis
1172 2421 1375 2467 sumptibus
1392 2421 1600 2466 parcebant;

965 2475 1062 2509 unde
1082 2475 1186 2508 fiebat
1211 2486 1303 2520 saepe
1321 2498 1333 2515 ,
1355 2482 1398 2507 ut
1422 2473 1515 2507 foeda
1539 2474 1606 2507 hac

963 2527 1227 2561 nundinatione
1253 2535 1289 2561 et
1317 2528 1469 2573 κολακείᾳ
1497 2527 1606 2561 avitas

963 2592 1049 2626 opes
1058 2587 1322 2623 consumerent;
1330 2591 1439 2626 quem
1449 2591 1605 2615 errorem

325 2677 367 2707 V.
386 2679 439 2715 48.
455 2680 560 2711 Fut-co.
570 2680 655 2712 Vide
670 2680 712 2712 ad
728 2686 917 2723 sequentem
933 2679 1086 2723 pagiuam
1103 2679 1387 2711 commentarium.
