1898 3216
698 305 1138 351 PRAEFATIO.
1532 307 1577 349 ix

233 408 349 458 inde
383 406 605 454 fructum
642 415 840 471 caperet
877 399 1260 468 aliquantulum.
1295 398 1382 444 Sin
1410 407 1578 444 autem
1633 407 1636 409 ’

231 513 337 544 non
361 512 429 542 eae
453 496 558 542 sint·
582 511 693 560 quae
717 504 915 541 tantum
944 493 1112 539 virum
1136 487 1370 535 decerent
1386 521 1400 544 ‚
1428 486 1579 532 sicuti

232 583 360 631 mihi
390 585 554 631 visum
588 593 699 643 est;
732 593 783 629 at
823 582 1022 641 saltem,
1059 595 1151 626 nec
1186 573 1579 624 contemnendas

233 688 326 719 nec
346 670 792 736 praetermittendas
814 669 1059 733 judicavi,
1082 676 1141 714 ut
1160 673 1408 714 constaret
1428 678 1581 726 quan·

234 771 343 808 tum
397 776 486 824 ego
539 759 722 807 laboris
776 759 1076 823 susceperim
1100 791 1114 813 ‚
1161 756 1252 820 qui
1305 770 1370 800 ne
1416 750 1581 797 hilum

233 849 442 914 quidem
471 848 779 913 despexerim
810 847 873 894 ad
903 847 1144 911 optimam
1180 843 1397 890 auctoris
1421 840 1583 887 nostri

234 936 616 984 illustrationem
645 955 659 996 ;
703 947 789 991 et,
828 935 966 1000 quod
1013 934 1286 980 maximum
1331 947 1447 977 reor
1468 966 1481 988 ,
1521 927 1584 974 ad

236 1034 402 1084 tuam,
428 1027 631 1084 Lector,
658 1024 926 1071 utilitatem
962 1021 1385 1084 commodumque
1413 1020 1583 1067 certis-

236 1113 435 1158 simum.
474 1114 589 1158 Uno
623 1112 808 1171 verbo,
845 1111 963 1157 inde
996 1110 1219 1174 judicare
1250 1108 1366 1156 licet
1396 1118 1587 1173 quanta

238 1201 301 1245 sit
339 1198 461 1246 fides
500 1198 780 1245 adhibenda
822 1198 1029 1245 editioni
1070 1214 1182 1262 quae
1224 1206 1300 1243 tot
1338 1196 1585 1248 clarorum

237 1289 488 1345 virorum,
511 1295 621 1332 tum
641 1284 993 1332 defunctorum
1008 1321 1021 1343 ‚
1045 1295 1156 1332 tum
1177 1283 1342 1331 adhuc
1364 1286 1418 1331 in
1442 1285 1588 1331 terris

239 1374 555 1438 degentium,
582 1372 1016 1421 lucubrationibus
1041 1371 1193 1420 fuerit
1215 1372 1476 1420 illustrata.

302 1462 552 1520 Quoniam
591 1478 669 1508 res
709 1477 912 1526 poscere
946 1461 1172 1520 videtur,
1203 1470 1262 1507 ut
1293 1460 1356 1508 de
1385 1471 1588 1509 auctore

240 1560 413 1598 nostro
441 1551 756 1615 potissimum
784 1549 963 1614 loquar
980 1587 994 1609 ‚
1023 1550 1076 1597 id
1105 1552 1279 1615 paucis
1310 1551 1584 1615 expediam.

239 1640 435 1687 Persius
470 1639 732 1685 Horatium
773 1636 1087 1703 simplicitate
1116 1637 1346 1697 dicendi,
1385 1637 1554 1703 lepore
1572 1677 1585 1699 ,

239 1726 551 1783 urbanitate,
584 1743 688 1774 non
709 1725 910 1773 videtur
938 1727 1157 1790 assequi,
1184 1743 1277 1773 nec
1298 1726 1590 1774 Juvenalem

239 1811 608 1878 magnificentia
636 1815 1022 1873 sententiarum,
1050 1830 1215 1877 neque
1241 1823 1296 1877 τῇ
1313 1825 1501 1879 πομπικῇ
1522 1818 1591 1862 καὶ

242 1899 498 1965 ἀξιωματικῇ
516 1899 623 1954 λέξει
635 1938 647 1959 ,
667 1900 783 1961 hac,
805 1903 1012 1965 inquam
1026 1939 1040 1961 ,
1066 1902 1285 1950 dictione
1303 1903 1587 1968 splendida,

243 1989 564 2047 vehementi,
605 1991 786 2055 tragica
803 2027 817 2049 ‚
859 2007 970 2054 quae
1009 1990 1314 2038 auditorium
1356 1990 1593 2056 frequens

246 2088 396 2143 atque
425 2095 661 2125 coronam
691 2077 874 2124 theatri
911 2079 1135 2142 requirat
1151 2114 1164 2136 ‚
1194 2079 1396 2144 quaque
1425 2084 1592 2128 Venu-

243 2167 411 2214 sinum
439 2171 638 2231 poetam
667 2183 899 2231 superare
927 2166 1126 2213 videtur
1154 2168 1405 2231 Aquinas3
1431 2167 1515 2214 sed
1544 2177 1594 2213 et

247 2252 319 2299 illi
351 2269 554 2317 quoque
583 2269 673 2299 sua
699 2252 808 2299 laus
845 2262 933 2299 est.
974 2254 1169 2300 Persius
1205 2253 1335 2300 celer
1367 2264 1416 2300 et
1448 2270 1592 2317 expe-

246 2339 382 2387 ditus
414 2342 467 2386 in
497 2341 760 2388 scribendo
794 2341 1064 2388 verborum
1097 2343 1456 2405 parcimoniam
1485 2357 1595 2405 gra-

246 2427 398 2473 vitate
430 2428 791 2475 sententiarum
822 2428 1022 2475 abunde
1057 2437 1361 2490 compensat.
1383 2429 1595 2475 Zenonis

253 2530 307 2581 ac
335 2516 608 2562 stoicorum
646 2515 728 2562 dia
765 2516 925 2575 dicta,
955 2514 1084 2578 stylo
1122 2530 1292 2561 severo
1309 2550 1322 2572 ,
1354 2530 1458 2561 non
1487 2532 1595 2562 mo-

254 2618 365 2649 roso
394 2613 559 2651 tamen
576 2641 589 2664 ‚
619 2605 706 2652 sed
734 2614 907 2653 contra
938 2612 1115 2651 ornato
1145 2619 1200 2650 ac
1229 2602 1504 2668 perpolito,
1540 2604 1594 2651 in
