1846 3184
314 291 367 318 10
650 275 703 316 A.
747 273 991 316 PERSII
1040 274 1290 317 FLACCI

819 370 1107 398 rannus.

1475 412 1641 455 Nemo?

302 487 307 491 ’
365 473 758 527 Velduo,vel....

755 544 1191 574 ADVERSARIU&

769 607 919 649 Nemo.
938 607 1108 665 Turpe,
1127 618 1170 648 et
1191 605 1443 648 miserabile.

825 697 1097 725 rennos.

1454 738 1625 794 Quare?

365 818 441 860 Nae
460 817 569 859 mihi
589 817 839 875 Polydamas
852 848 863 870 ,
882 828 926 859 et
943 816 1148 858 Troiades
1169 816 1411 859 Labeonem

309 933 395 968 Vid.
404 935 425 968 J
428 947 529 968 uven.
539 941 597 967 sat.
608 934 646 967 ΙΙ
656 958 666 975 ,
680 947 715 968 v.
729 932 949 977 98.—Nem01²

309 988 393 1022 Haec
429 1001 502 1022 vox
535 987 645 1021 Persii
684 986 922 1032 εἰρωνευομένου
939 1012 950 1028 ,

309 1040 409 1086 quasi
425 1039 485 1086 qui
499 1037 681 1072 auditione
697 1037 749 1071 rei
762 1036 952 1082 inopinatas

309 1099 607 1126 commoveretur.

357 1145 391 1178 3.
410 1146 469 1176 Vel
480 1146 544 1175 duo
556 1168 566 1184 ‚
579 1141 718 1187 τεὴ...]
737 1141 781 1174 In
795 1141 954 1174 Puteano

310 1195 391 1230 cod.
402 1196 447 1229 n⁰
458 1195 548 1236 8048
559 1220 569 1237 ‚
583 1194 659 1228 initi
667 1207 727 1227 um
737 1205 859 1228 versus
872 1205 956 1227 cum

309 1248 381 1283 fine
400 1247 632 1295 praecedentis
648 1247 819 1280 cohaeret:
836 1246 957 1280 Persio

310 1302 406 1335 enim
418 1301 492 1334 haec
503 1301 730 1339 tribuuntur,
742 1299 842 1345 quasi
852 1298 960 1332 dixis-

309 1362 362 1388 set
374 1367 382 1386 :
398 1366 490 1386 nemo
508 1353 581 1396 (ais
595 1353 608 1396 )
622 1351 637 1384 Ρ
653 1353 697 1384 ah
707 1356 720 1383 !
739 1354 850 1384 saltem
873 1354 958 1390 duo,

308 1409 369 1439 vel
379 1416 441 1439 tres
449 1431 460 1445 ,
473 1408 533 1438 vel
543 1407 671 1448 aliquot
684 1406 765 1437 mihi
782 1414 878 1437 erunt
888 1407 955 1437 Iec-

308 1464 390 1493 tores
398 1473 409 1491 :
423 1458 484 1493 sed
498 1457 718 1492 adversarius
728 1470 800 1491 non
811 1469 955 1503 exspec-

308 1521 384 1547 tans
398 1511 511 1546 donec
525 1511 724 1545 inchoatam
746 1511 954 1544 sententiam

309 1565 499 1599 absolverit
508 1590 519 1606 ‚
533 1563 735 1610 interpellat
748 1571 783 1597 et
795 1563 951 1610 subjicit:

309 1620 420 1651 Nemo.
432 1621 534 1661 Turpe
546 1627 580 1650 et
589 1618 780 1649 miserabile.
796 1615 889 1650 Huic
903 1628 954 1650 as-

309 1671 482 1705 sentimur
500 1669 802 1715 interpretationi,
822 1681 900 1715 quae
919 1676 955 1702 et

310 1730 389 1771 'apta
399 1732 434 1758 et
441 1724 580 1771 elegans
591 1725 917 1766 est.,—Nemo.Turpe
924 1731 958 1755 et

310 1779 502 1811 miserabile.
520 1775 649 1810 Caeteri
665 1776 876 1821 interpretes
891 1787 953 1809 ex-

310 1831 444 1877 plicant
454 1843 462 1863 :
475 1840 566 1873 turpe
571 1831 710 1862 etmiser.
717 1829 788 1863 scil.
798 1841 870 1862 esse
877 1828 954 1862 sine

309 1884 512 1918 lectoribus.
525 1884 600 1928 Ego
612 1895 696 1916 vero
710 1895 718 1914 :
735 1881 834 1928 quod
847 1890 888 1915 tu
903 1880 955 1914 di-

310 1936 360 1970 cis
375 1937 419 1981 (ὅ
430 1948 526 1968 curas
537 1937 621 1967 hom.
630 1936 643 1979 )
652 1959 663 1976 ,
677 1942 727 1968 est
747 1944 839 1978 turpe
851 1944 884 1966 et
896 1936 955 1966 mi·

306 1990 463 2027 serabile,
482 1987 611 2021 tritura
623 2012 634 2028 ‚
654 1988 832 2021 insulsum
844 2012 855 2028 ‚
874 1998 955 2033 pes-

309 2041 460 2083 simum}
475 2042 544 2073 cela
556 2049 603 2073 est
614 2042 756 2072 mauvais
762 2065 773 2079 ‚
782 2041 955 2083 pitoyable.

308 2093 550 2141 Quaequidem
565 2093 814 2139 interpretatio
828 2101 863 2127 et
877 2104 955 2126 mo-

307 2159 390 2181 roso
407 2145 627 2189 adversario,
642 2154 677 2180 et
698 2145 828 2180 stolido
847 2146 952 2192 elegi-

310 2199 454 2234 diorum
461 2208 495 2234 et
505 2200 743 2247 ampullarum
750 2199 956 2234 admiratori

308 2253 471 2301 apprime
485 2253 665 2287 convenit.
683 2254 726 2286 A.

357 2311 393 2348 4.
422 2308 483 2340 Nae
519 2307 600 2339 mihi
628 2308 818 2349 Polydamas
830 2331 841 2344 ‚
865 2315 928 2339 etc.
946 2307 960 2350 ]

311 2361 415 2394 Certe
424 2385 434 2401 ‚
453 2359 573 2407 pergit
598 2359 740 2394 Persius
752 2384 763 2399 ‚
785 2358 902 2393 mollis
926 2366 962 2392 et

309 2410 456 2456 ignavus
467 2411 637 2457 princeps
647 2435 658 2452 ,
673 2407 788 2457 qualis
800 2417 853 2443 est
862 2409 959 2443 Nero

311 2462 542 2510 (designatus
560 2464 628 2498 sub
644 2464 790 2498 nomine
807 2462 962 2510 Polyda·

1002 931 1152 975 mantis)
1165 956 1176 973 ‚
1191 939 1286 966 certe
1297 956 1308 974 ‚
1324 931 1418 965 cives
1430 930 1646 969 effeminati,

1003 983 1091 1019 viles
1115 983 1285 1018 Troiades
1311 984 1400 1018 mihi
1425 984 1647 1030 praetulerint

1004 1037 1207 1071 Labeonem
1221 1062 1232 1079 ‚
1255 1045 1323 1071 etc.
1350 1036 1434 1078 sed,
1455 1037 1484 1070 si
1506 1036 1647 1071 turbida

1005 1090 1116 1124 Roma
1127 1115 1138 1132 ‚
1158 1097 1226 1124 etc.
1244 1109 1292 1116 —-
1310 1092 1514 1132 Polydamas.
1540 1091 1646 1137 Inge-

1007 1143 1201 1177 niosissime
1211 1146 1314 1190 poeta
1323 1142 1413 1177 duos
1419 1155 1541 1177 versus
1549 1142 1650 1177 Iliad.

1007 1212 1030 1242 χ
1041 1224 1051 1239 ,
1064 1197 1135 1231 hoc
1153 1197 1260 1231 unico
1276 1197 1462 1243 expressit.
1479 1195 1648 1231 Πουλυδοί·

1011 1263 1076 1294 μοις
1089 1263 1143 1296 μοι
1156 1254 1282 1296 πρῶτος
1300 1251 1459 1296 ἐλεγχείην
1477 1250 1648 1287 ἀναθήσεις

1011 1310 1047 1336 et
1083 1303 1199 1336 statim
1223 1329 1232 1343 ,
1262 1300 1425 1348 Αἰὸέομαι
1451 1306 1564 1348 Τρῶας
1581 1297 1650 1336 μιιοιὶ

1011 1350 1171 1400 Τρωάδας
1209 1356 1467 1394 ἑλκεσιπέπλους.
1502 1355 1559 1388 Sic
1596 1355 1649 1388 M.

1011 1407 1109 1441 Tull.
1124 1408 1228 1453 epist.
1251 1407 1296 1441 ad
1314 1408 1389 1441 Att.
1409 1402 1472 1441 lili.
1488 1409 1584 1448 VII,
1607 1419 1622 1440 1
1639 1420 1648 1441 τ

1006 1460 1113 1491 Aliter
1126 1470 1251 1490 sensero
1263 1463 1280 1490 ,ν’
1297 1457 1449 1506 αἰδέομαι
1469 1472 1533 1491 non
1555 1462 1651 1490 Pom-

1001 1512 1111 1555 peium
1128 1513 1222 1543 modo
1232 1536 1243 1549 ,
1259 1513 1316 1543 sed
1329 1517 1440 1558 Τρῶας
1450 1535 1464 1550 ,
1476 1512 1530 1546 καὶ
1542 1511 1652 1558 Τρωά-

1005 1562 1080 1604 δας.
1095 1561 1316 1610 Πουλυδάμας
1336 1578 1389 1610 μοι
1414 1570 1541 1612 πρῶτος
1561 1566 1650 1610 ἐλεγ-

1005 1618 1094 1662 χείην
1116 1617 1267 1653 ἀναθήσει
1281 1630 1289 1650 :
1305 1618 1394 1659 quis?
1405 1626 1439 1648 tu
1449 1619 1513 1660 ipse
1522 1617 1653 1654 scilicet,

1006 1671 1159 1702 laudator
1178 1678 1212 1701 et
1229 1670 1419 1711 scriptorum
1438 1677 1471 1702 et
1480 1669 1654 1712 factorum

1007 1735 1160 1754 meorum.
1187 1720 1396 1768 Polydamas
1419 1729 1539 1755 autem
1563 1720 1654 1754 Tro-

1003 1777 1118 1822 janus,
1128 1774 1254 1808 Panthi
1266 1773 1372 1815 filius,
1383 1773 1554 1821 sapientia
1562 1785 1652 1819 prae-

1005 1828 1100 1863 ditus
1118 1854 1129 1871 ‚
1156 1827 1279 1863 eadem
1307 1836 1412 1863 nocte
1443 1835 1546 1862 natus
1580 1828 1653 1873 qua

1006 1882 1162 1924 Hector,
1186 1882 1289 1928 cujus
1319 1881 1391 1915 fuit
1419 1892 1536 1915 comes
1550 1904 1561 1922 ‚
1589 1877 1653 1913 sed

1008 1935 1138 1970 Hector
1149 1934 1255 1979 ‚hasta
1276 1933 1543 1981 potentissimus
1554 1957 1566 1974 ‚
1581 1932 1653 1966 Po·

1006 1987 1162 2036 lydamas
1175 1994 1293 2021 autem
1302 1986 1420 2021 verbis
1432 1993 1572 2020 tantum
1583 1996 1650 2018 no-

1007 2049 1064 2074 tus
1086 2040 1177 2083 fuit;
1197 2038 1295 2086 quod
1314 2038 1371 2073 his
1392 2037 1563 2086 expressit
1577 2037 1651 2071 Ho-

1007 2106 1129 2127 merus
1144 2105 1153 2126 Ξ

1008 2189 1099 2222 Τοῖσι
1128 2183 1167 2220 δὲ
1199 2181 1418 2230 Πουλυδάμας
1451 2183 1652 2229 πεπνυμένος

1060 2237 1133 2286 ἦρχ’
1153 2240 1312 2284 ἀγορεύειν
1604 2277 1608 2281 “

1013 2295 1214 2337 Πανθοίδης·
1231 2299 1247 2331 ὁ
1265 2295 1327 2344 γὰρ
1354 2292 1416 2335 οἷος
1437 2294 1496 2341 ὅρα
1520 2294 1654 2340 πρόσσω

1066 2365 1121 2386 και
1139 2364 1277 2385 οπισσω.

1012 2402 1127 2456 fat-‘rope
1144 2406 1180 2443 δ’
1195 2404 1250 2444 ’ἦεν
1266 2408 1410 2453 ἑταῖρος,
1421 2406 1460 2450 ἰῇ,
1470 2401 1505 2438 δ”
1518 2406 1548 2438 ἐν
1564 2403 1654 2439 νυκτὶ

1066 2463 1208 2508 γένοντο.
1244 2498 1253 2506 ,

305 2588 315 2599 .
355 2570 397 2599 V.
417 2579 448 2599 2.
468 2569 595 2600 Nemo?
616 2570 676 2601 Vel
688 2570 753 2601 duo
763 2593 774 2607 ‚
791 2569 876 2600 vel..
886 2592 893 2600 .
905 2591 914 2599 .
931 2567 1016 2599 Vide
1035 2577 1135 2609 supra
1148 2563 1436 2597 commentarium.

357 2640 401 2668 V.
419 2644 450 2674 4.
469 2639 630 2671 Troiades.
648 2640 773 2671 Omnes
787 2640 894 2671 nostri
916 2638 1014 2670 codd.
1033 2637 1140 2669 tribus
1155 2635 1300 2677 exceptis
1310 2657 1320 2672 ‚
1334 2640 1368 2664 et
1381 2616 1516 2675 quidem
1530 2630 1654 2664 inflmae

314 2698 403 2723 notae
413 2714 422 2731 ‚
436 2693 494 2734 qui
505 2692 630 2724 habent
647 2693 820 2731 Troiadas,
835 2693 942 2727 male!
963 2691 1042 2725 Cod.
1055 2697 1183 2730 noster,
1200 2688 1260 2721 vel
1278 2687 1423 2720 Troades.
