1846 3184
291 328 347 372 82

1359 252 1361 256 ’
1387 254 1407 290 Υ

625 329 677 370 A.
711 327 954 389 PERsu
995 327 1246 369 FLAcci

346 410 453 464 Quis
469 409 620 452 modus
636 420 834 468 argent03
855 408 961 466 quid
976 409 1037 451 fas
1053 420 1200 468 optare
1216 425 1227 463 ;
1244 408 1351 466 quid
1365 419 1500 467 asper·

293 478 307 509 '⁴
344 486 460 528 Utile
471 501 672 527 nummus
687 485 839 539 habet3
858 485 1004 542 patriae
1015 516 1027 538 ‚
1044 486 1239 543 carisque
1255 484 1512 543 propinquis
1578 501 1625 538 7⁰

286 621 389 658 πλοκὴ
405 625 468 654 τῶν
487 621 609 654 αἰτίων.
622 619 674 652 Μ.
694 620 777 652 Ant.
795 618 857 652 lib.
873 618 928 653 X:

288 683 340 709 est
359 686 508 721 quoque
519 673 584 705 'illa
603 671 797 717 Chrysippi
816 671 933 704 σύντα·

287 728 330 769 ξις
341 752 350 763 ,
369 726 532 761 ordinata
547 724 772 770 compositio.
788 722 873 756 Vid·
889 723 930 757 A.

288 779 332 812 G.
355 779 419 812 lib.
444 778 499 810 VI
514 802 524 819 ,
551 788 627 822 cap.
657 788 690 808 2.
718 774 796 807 Hoc
823 774 934 820 igitur

287 830 407 870 modo,
421 829 573 873 auctoris
587 828 698 862 nostri
706 827 814 861 verba
828 827 936 860 inter-

286 893 473 931 pretemur
489 895 497 915 :
518 884 602 915 disce
612 895 623 913 :
638 883 709 924 quis
722 882 800 913 ordo
818 881 932 918 datus,

286 938 424 975 hocstest
433 933 556 987 ,disce
575 934 733 968 fatorum
748 934 842 966 certa
857 931 933 977 lege

287 991 338 1035 (et
346 984 522 1035 impriinis
530 987 716 1022 voluntate
726 985 813 1026 Dei,
825 985 882 1018 cui
895 984 932 1017 in

286 1051 407 1077 mente
445 1041 552 1074 etiam
588 1039 784 1073 stoicorum
819 1037 935 1071 fatum

286 1094 520 1141 subjectum),
531 1091 625 1126 disce
639 1091 759 1125 omnia
771 1089 863 1131 fieri,
873 1089 934 1122 cui

284 1149 410 1184 volens
432 1147 636 1192 lubensque
647 1176 651 1179 ,
662 1143 855 1191 acquiescit
879 1155 931 1176 sa·

286 1202 402 1248 piens.
422 1199 461 1233 C.
477 1207 512 1233 et
527 1201 569 1232 A.
580 1218 628 1223 —-
638 1201 707 1230 Aac
722 1206 814 1229 metoe
834 1197 934 1239 quc'zm

211 1282 233 1296 a.
285 1256 390 1288 mollis
395 1255 519 1300 flexus.
534 1253 651 1294 Quam
668 1251 831 1285 lubricus
851 1250 931 1283 vitae

287 1320 413 1342 cursus
427 1332 437 1348 ‚
462 1307 500 1339 in
531 1303 747 1351 quibusdam
778 1303 932 1336 circum-

285 1361 424 1395 stantiis
438 1384 448 1400 ‚
467 1361 647 1405 quamque
667 1355 824 1389 difficilis
841 1353 930 1387 adeo

285 1414 332 1448 sit
349 1420 450 1446 metae
474 1410 588 1444 flexus
600 1435 610 1451 ‚
629 1407 667 1442 id
687 1416 739 1442 est
753 1433 763 1450 ‚
781 1406 824 1440 ad
847 1407 930 1442 vitae

283 1466 482 1500 terminum
502 1489 513 1506 ‚
542 1470 695 1496 mortem
727 1460 802 1494 scil.
836 1459 930 1506 opti·

284 1531 402 1560 mam,
421 1518 497 1551 sine
518 1528 623 1558 casu,
641 1514 768 1548 dexter
789 1522 825 1546 et
845 1513 931 1546 felix

286 1583 459 1606 accessus.
478 1570 615 1603 Aliter:
639 1567 735 1601 disce
761 1569 868 1613 quum
887 1565 931 1599 sit

286 1624 434 1659 difficile
454 1631 490 1657 et
509 1621 689 1655 lubricum
708 1620 803 1654 inter
821 1628 875 1653 tot
892 1630 931 1651 ac

287 1685 386 1712 tanta
414 1674 656 1722 repugnacula
677 1673 761 1707 vitae
787 1683 934 1706 cursum

286 1730 441 1777 dirigere
453 1754 463 1770 ‚
480 1737 515 1762 et
539 1727 584 1761 ad
602 1727 684 1761 vitae
706 1725 816 1759 finem
833 1733 934 1770 opta-

285 1793 364 1818 tum
379 1782 581 1830 pervenire.
597 1780 807 1826 Metaphora
820 1777 934 1824 petita

286 1849 308 1870 a
332 1836 428 1869 ludis
453 1833 681 1869 Circensibus
697 1858 707 1874 ,
732 1832 771 1864 in
801 1831 934 1877 quibus

287 1887 483 1922 decertanti
510 1886 641 1931 cuique
670 1885 820 1918 solerter
842 1891 935 1916 meta

285 1939 475 1980 flectenda;
483 1951 539 1977 ne,
548 1938 575 1970 si
584 1937 735 1983 propius
743 1934 936 1975 accederet,

287 1992 536 2037 frangeretur,
557 1988 611 2021 sin
637 1999 724 2022 vero
752 1986 894 2031 longius
917 1998 937 2019 a

288 2057 398 2091 scopo
420 2041 624 2083 recederet,
641 2041 685 2074 ab
709 2039 937 2086 antagonistis

288 2105 532 2144 superaretur.
546 2114 593 2119 ——
605 2097 647 2125 Ec
668 2095 762 2124 unde.
789 2090 833 2124 Id
860 2100 911 2125 est
926 2115 937 2132 ,

291 2163 366 2198 quo
390 2150 469 2182 loco
485 2174 496 2189 ‚
520 2159 593 2194 quo
621 2154 782 2190 tempore
808 2156 934 2177 cursus

287 2204 370 2237 vitae
383 2199 610 2247 incipiendus
623 2206 658 2232 et
670 2196 911 2231 instituendus
920 2219 933 2237 ‚

290 2264 380 2301 utet
393 2252 581 2288 commode
594 2251 707 2286 teneri
723 2250 832 2296 possit
843 2274 853 2290 ‚
868 2262 935 2283 nec

289 2307 336 2342 ad
348 2307 457 2340 finem
469 2305 703 2351 impingatur.
716 2303 829 2336 Aliter
841 2301 934 2342 haec,

290 2371 449 2395 autmetoe
461 2361 560 2403 qut'zm
571 2359 674 2390 mollis
677 2359 789 2403 fletus
799 2365 831 2388 et
839 2357 934 2393 unde,

292 2414 430 2448 Britan.
445 2413 477 2446 J.
489 2411 643 2457 Baptista
661 2409 746 2442 Pius
759 2416 794 2442 et
808 2407 938 2441 Casan·

290 2466 412 2500 bonus
427 2465 707 2510 interpretantur
717 2486 727 2502 ‚
743 2469 784 2494 ut
799 2460 845 2493 sit
859 2471 937 2493 sen-

292 2531 376 2552 sus:
406 2535 420 2547 ι
435 2519 505 2551 Aut
528 2520 634 2562 quain
655 2515 774 2549 brevis
797 2514 842 2547 sit
862 2513 938 2546 haec

296 2587 311 2600 κ
327 2571 396 2604 vita
412 2595 423 2610 ,
450 2572 629 2615 quamque
660 2568 698 2600 in
728 2566 938 2612 propinquo

297 2641 311 2654 κ
327 2637 422 2657 mors
435 2624 486 2656 illi
500 2622 682 2656 immineat
697 2634 705 2653 :
721 2628 755 2654 et
772 2618 918 2665 quidem
929 2643 940 2659 ‚

296 2692 310 2705 α
324 2688 363 2709 ex
375 2676 486 2709 causis
495 2674 764 2713 sexcentis‚m0ta
773 2680 825 2706 est
833 2671 942 2705 finis...

299 2729 454 2772 «flectere
475 2737 615 2769 metum,
639 2724 740 2761 addit
763 2724 861 2760 idem
881 2723 945 2758 Ca·

986 633 1000 647 ι
1016 620 1116 654 saub.
1145 628 1187 654 ut
1213 620 1328 654 Graeci
1343 645 1352 657 ‚
1373 620 1535 666 κάμπτειν
1567 620 1626 656 τὴν

985 685 999 698 «
1015 675 1132 707 νύσσαν
1148 697 1159 713 ,
1189 672 1234 707 de
1265 674 1386 719 spatiis
1401 707 1404 709 ,
1419 673 1501 707 vitae
1536 672 1628 707 solet

988 742 1002 756 ι
1017 725 1202 771 usurpari:
1219 726 1317 759 unde
1320 727 1434 773 flexus
1447 726 1551 758 celatis
1564 737 1625 771 ap.

989 795 1002 808 ι
1018 779 1070 812 Μ.
1090 779 1175 812 Tull
1217 787 1252 812 et
1273 781 1443 812 maturitas
1464 779 1628 822 indeflexa

989 849 1004 862 ι
1019 831 1109 866 ΡΙίη.
1123 832 1434 879 Panegyric.—Et
1443 834 1540 865 unde.
1551 831 1628 866 Sci-

989 901 1004 914 «
1018 884 1120 927 licet,
1143 884 1315 930 inquiunt
1335 883 1447 918 iidem
1465 883 1627 930 interpp.

990 953 1005 967 α
1021 935 1119 971 unde
1143 935 1266 970 mors?
1285 937 1425 982 Nempe
1440 949 1463 979 *a
1481 944 1629 979 natura;

990 1006 1004 1020 ι
1021 990 1105 1036 quia
1122 989 1180 1023 lex
1204 997 1339 1023 naturae
1359 998 1412 1024 est
1424 1014 1436 1032 ‚
1458 997 1500 1024 ut
1524 989 1633 1036 quic'-.

990 1060 1005 1072 ι
1020 1041 1111 1089 quid
1129 1042 1286 1076 nascitur
1309 1050 1345 1076 et
1372 1041 1593 1076 denescetur.
1610 1057 1627 1071 ι

987 1095 1070 1130 Haec
1087 1095 1277 1141 explicatio
1293 1094 1397 1128 nobis
1410 1094 1552 1142 longius
1565 1106 1630 1140 pe·

986 1148 1050 1181 tita
1059 1172 1070 1189 ,
1082 1159 1149 1181 nec
1161 1145 1447 1194 praecedentibus
1461 1153 1543 1192 apta
1553 1145 1630 1191 visa

986 1208 1039 1234 cst
1048 1208 1156 1246 atque
1170 1198 1404 1242 conveniens;
1416 1197 1530 1245 priori
1542 1209 1629 1244 ergo

985 1253 1177 1286 arrisimus.
1203 1251 1380 1286 Caeterum
1397 1276 1409 1294 ,
1433 1251 1508 1285 haec
1533 1263 1543 1284 z
1571 1259 1634 1283 aue

984 1316 1077 1339 metae
1093 1307 1192 1349 quam
1213 1307 1317 1338 mollis
1323 1307 1456 1351 flexus,
1470 1313 1504 1337 ee
1523 1295 1629 1342 ande,

983 1372 1002 1393 a
1019 1358 1114 1392 ludis
1134 1359 1351 1392 circensibus
1365 1356 1542 1405 petuntur
1553 1382 1565 1399 ‚
1585 1355 1632 1391 de

984 1408 1118 1458 quibus
1134 1412 1264 1447 diserte
1288 1420 1323 1446 et
1348 1410 1539 1446 facundius
1555 1409 1629 1444 dis-

984 1465 1096 1498 seruit
1123 1465 1466 1511 Tornorupaeus‚in
1492 1476 1558 1497 suo
1583 1462 1630 1497 ad

982 1519 1026 1550 A.
1042 1518 1151 1551 Persii
1172 1518 1285 1551 Flacci
1306 1519 1428 1556 satiras
1447 1529 1629 1551 commen-

984 1571 1074 1604 tario
1085 1595 1096 1612 ‚
1115 1583 1153 1617 p.
1167 1571 1220 1611 '40
1231 1591 1277 1596 —-
1287 1570 1345 1604 53.
1365 1571 1408 1603 A.

1033 1642 1091 1685 69.
1105 1641 1182 1682 Quis
1193 1642 1304 1672 modus
1316 1639 1475 1684 argenta]
1489 1638 1628 1684 Nempe

988 1692 1191 1741 quaerendo.
1198 1691 1331 1726 Modus
1339 1701 1457 1726 autem
1467 1691 1630 1738 pecuniae

988 1746 1201 1794 quaerendae,
1213 1745 1415 1780 secundum
1427 1745 1571 1786 stoicos,
1578 1751 1633 1778 est

987 1799 1145 1845 optimus
1161 1809 1201 1831 ac
1219 1797 1399 1843 legitimus
1418 1795 1482 1842 qui
1498 1803 1631 1835 natura

988 1850 1190 1885 conveniat.
1214 1849 1346 1883 Natura
1375 1856 1495 1882 autem
1521 1846 1633 1882 facilis

989 1911 1051 1944 est,
1065 1912 1100 1937 et
1113 1913 1225 1949 parvo
1238 1909 1426 1943 contenta;
1440 1901 1632 1934 hominum

988 1969 1074 1991 vero
1097 1955 1245 1990 aviditas
1269 1955 1346 1988 sine
1368 1953 1441 1988 fine
1465 1961 1632 1987 caret.—

993 2009 1081 2050 Quid
1090 2007 1151 2051 fas
1173 2015 1294 2050 optare.
1313 2003 1399 2039 Vid.
1423 2002 1632 2051 praeccden-

990 2069 1062 2095 tem
1081 2061 1221 2094 satiram
1241 2058 1287 2093 de
1305 2059 1430 2100 Votis,
1445 2066 1481 2092 et
1498 2059 1630 2092 Juven.

991 2122 1054 2147 sat.
1067 2114 1166 2146 X.-—-
1178 2115 1266 2155 Quid
1281 2125 1376 2155 asper
1392 2113 1470 2144 utile
1486 2123 1634 2144 nummus

988 2168 1095 2199 habet.
1121 2166 1205 2207 Quo
1233 2163 1341 2198 modo
1366 2163 1499 2198 divitiis
1526 2171 1631 2196 uten-

989 2219 1078 2253 dum
1101 2219 1335 2261 sit.—Asper.
1357 2216 1554 2263 Epitheton
1580 2223 1635 2250 est

987 2273 1040 2306 rei
1054 2284 1171 2317 nuper
1183 2272 1325 2318 signatae
1338 2295 1348 2311 ‚
1365 2283 1444 2303 nam
1464 2269 1554 2315 signi
1568 2269 1633 2302 im-

989 2325 1122 2371 pressio
1144 2336 1268 2358 recens
1295 2331 1479 2368 exasperat
1504 2334 1633 2368 argen-

989 2386 1068 2411 tum
1086 2388 1295 2422 aurumque.
1311 2375 1485 2421 Virgilius
1501 2387 1510 2407 ε

990 2452 1177 2491 Cymbiaque
1192 2457 1317 2491 argento
1329 2449 1465 2490 perfecta
1482 2457 1574 2490 atque
1588 2459 1636 2479 ιι-

1071 2509 1144 2539 pera
1159 2498 1260 2538 signis.

1039 2575 1096 2610 70.
1115 2564 1237 2595 Patriae
1255 2563 1403 2605 carisque
1418 2560 1635 2605 propinquis]

993 2616 1073 2650 Non
1099 2615 1204 2648 nobis
1227 2614 1308 2647 solis
1332 2623 1432 2648 natos
1457 2625 1548 2653 esse,
1559 2612 1635 2649 sed

993 2669 1117 2716 patriae
1126 2668 1257 2714 primo,
1269 2666 1400 2701 deinde
1411 2665 1634 2714 parentibus,

995 2729 1178 2769 postremo
1191 2720 1308 2754 nobis.
