1846 3184
669 281 930 324 SATIRA
968 280 1022 321 V.

1433 295 1510 324 121

244 364 484 410 ostendisse
495 365 640 423 juvat:
659 362 779 420 pulsa
790 394 803 414 ,
821 361 1069 420 dignoscere
1088 369 1237 402 cautus

244 441 363 495 Quid
376 439 559 482 solidum
575 448 740 496 crepet,
757 448 801 480 et
817 438 941 496 pictae
957 436 1134 478 tectoria
1149 435 1318 494 linguae.
1473 441 1516 476 25

245 518 324 559 His
339 531 418 574 ego
435 526 632 558 centenas
651 515 786 556 ausim
807 513 1038 571 deposcere
1055 527 1178 555 vocoe
1190 544 1203 564 ,

245 588 305 632 Ut
320 600 528 648 quantum
547 589 654 631 mihi
672 599 715 630 te
732 590 906 631 sinuoso
924 589 969 630 in
987 598 1158 646 pectore
1177 586 1252 629 fixi
1290 642 1293 644 Ι

242 665 360 708 Voce
377 665 541 707 traham
559 666 688 723 purz2⁴13
705 675 928 722 totumque
944 663 1027 706 hoc
1043 663 1173 705 verba
1189 662 1405 721 resignent

245 741 375 796 Quod
391 742 491 784 latet
509 742 664 783 arcana
685 755 772 782 non
792 739 1031 782 enarrabile
1050 738 1170 780 fibra.

187 862 297 896 sessor
313 875 357 896 eo
375 869 538 909 tempore
556 860 806 899 celeberrimus
817 887 827 903 ,

189 915 252 961 qui
269 927 289 949 a
306 914 448 948 Nerone
469 915 596 948 missus
618 915 655 947 in
679 914 830 948 exilium

188 976 263 1010 est,
279 967 439 1014 eoquod
457 968 587 1014 scripta
611 969 687 1014 ejus
709 978 829 1012 repre·
853 1000 859 1006 ,

187 1019 391 1062 hendisset;
405 1020 496 1054 sorte
509 1020 615 1054 etiam
632 1019 731 1065 quod
744 1019 830 1053 Per-

188 1072 232 1105 sii
245 1072 376 1105 amicus
390 1079 425 1105 et
436 1072 599 1117 magister
613 1071 734 1105 suisset
743 1096 754 1112 ,
767 1083 831 1104 cn-

186 1123 247 1168 jus
263 1120 441 1155 demortui
456 1123 529 1168 jam
545 1121 677 1167 scripta
693 1134 712 1155 a
727 1122 832 1154 Basso

190 1173 384 1219 publicata,
394 1173 545 1208 Nemnis
553 1174 735 1208 infamiam
743 1173 833 1207 mul·

192 1226 238 1260 tis
254 1226 292 1259 in
307 1226 397 1260 locis
412 1224 630 1260 detexerant.
648 1227 693 1260 A.

242 1283 299 1318 24.
313 1279 433 1324 Pulsa]
451 1283 552 1325 Κροῦε
560 1305 571 1322 ,
582 1280 639 1313 vel
648 1281 810 1326 περίκρουε
818 1303 830 1320 ,

131 1337 138 1349 “
193 1329 306 1377 digito
321 1339 467 1377 percute
477 1356 489 1374 ‚
502 1339 539 1366 et
558 1331 704 1377 explora
720 1343 833 1365 meam

193 1393 362 1419 mentem.
393 1384 468 1426 Qui
491 1397 570 1420 vasa
598 1384 719 1419 fictilia
742 1396 833 1418 num

192 1437 263 1470 sint
281 1436 391 1471 solida
413 1445 449 1471 et
470 1438 607 1484 integra
628 1437 754 1471 volunt
774 1449 834 1471 ex·

192 1490 322 1535 periri,
334 1503 373 1524 ω
385 1490 498 1537 digito
504 1493 698 1534 pulsana—
707 1493 832 1524 Cautus.

130 1584 143 1597 ‹
193 1543 329 1576 Doctus
340 1542 558 1590 dignoscere.
572 1543 774 1577 Hellenism.
787 1543 829 1577 C.

242 1596 299 1630 ²5.
316 1598 405 1638 Quid
410 1598 544 1629 solidum
557 1600 684 1641 crepet.]
696 1597 834 1631 Discer-

194 1647 249 1681 nis
270 1649 367 1682 enim
390 1648 481 1695 quid
496 1661 643 1690 verum,
660 1648 751 1695 quid
772 1649 834 1683 fic-

195 1708 274 1734 tum
298 1709 334 1734 et
357 1701 576 1736 simulatum.
602 1702 681 1735 Jam
710 1700 834 1735 eadem

195 1765 281 1787 usus
314 1762 389 1788 erat
424 1755 629 1800 metaphora
660 1754 801 1788 Persius
823 1779 834 1796 ,

196 1814 261 1839 sat.
290 1806 349 1839 111
364 1831 375 1847 ‚
400 1820 433 1841 v.
458 1819 514 1840 21.
544 1807 621 1849 Ibi,
644 1820 702 1841 vas
726 1808 836 1842 fictile

195 1869 404 1903 percussum
430 1858 564 1893 indicat
582 1860 710 1894 vitium
730 1872 836 1893 suum

197 1912 338 1954 maligne
362 1914 579 1955 respondendo
595 1926 609 1950 ;
633 1913 703 1946 hoc
727 1912 808 1946 loco
823 1937 835 1954 ,

197 1962 246 1996 ait
270 1963 448 2010 integrum
469 1977 528 1999 vas
552 1964 712 2011 dignosci
739 1968 838 1998 solide

199 2015 389 2062 crepando.
400 2038 447 2043 —
457 2020 603 2061 Ecpictae
619 2021 753 2052 tectoria
773 2021 838 2052 lin·

195 2080 283 2112 guoe.
307 2069 506 2103 Incrustata
526 2083 616 2106 auro
637 2079 673 2105 et
692 2080 838 2117 argento

198 2128 314 2154 statua
337 2121 491 2168 lapidem
512 2123 603 2157 celat
620 2137 629 2156 :
651 2124 700 2157 sic
720 2132 755 2158 et
777 2137 838 2158 ur·

197 2172 336 2207 banitas
357 2175 528 2209 sermonis
549 2184 585 2210 et
601 2177 718 2215 ,oratio
736 2177 837 2211 obse·

882 859 959 906 quii
985 860 1090 906 plena
1119 859 1206 906 tegit
1232 871 1324 906 saepe
1350 859 1522 894 invidiam

882 922 918 947 et
934 912 1060 946 odium
1079 913 1198 946 animo
1219 911 1461 946 reconditum.
1478 912 1520 946 P.

930 969 987 1000 26.
1015 968 1072 999 His
1092 979 1147 1010 ego
1169 976 1337 1005 centenas,
1358 968 1444 1010 eta]
1469 967 1524 999 Ad

881 1021 951 1054 hoc
963 1044 974 1061 ‚
988 1020 1064 1053 scil.
1080 1019 1125 1053 ad
1140 1019 1391 1054 declarandum
1404 1032 1524 1053 meum

883 1073 920 1106 in
938 1080 974 1106 te
990 1072 1169 1113 animum,
1191 1072 1279 1106 mihi
1299 1080 1446 1106 centnm
1459 1084 1524 1105 vo-

885 1136 941 1157 ces
956 1123 1088 1170 optavi.
1102 1123 1147 1157 Et
1163 1122 1252 1157 adeo
1265 1135 1339 1157 non
1351 1135 1407 1157 me
1418 1123 1527 1169 hujus

883 1176 960 1211 voti
990 1177 1137 1222 poenitet
1154 1201 1165 1217 ‚
1193 1184 1235 1210 ut
1262 1185 1388 1210 contra
1413 1176 1527 1210 ausim

883 1229 990 1263 etiam
1006 1241 1104 1262 nunc
1123 1228 1245 1263 eadem
1263 1228 1469 1276 deposcere.
1483 1229 1524 1262 P.

932 1294 990 1327 ²7·
1007 1281 1112 1327 Pia-12]
1138 1282 1325 1323 Firmiter,
1338 1293 1527 1328 nunquam

884 1333 970 1368 inde
980 1332 1195 1368 movendum
1206 1334 1371 1380 reposui,
1384 1334 1528 1367 inserui.
1562 1334 1572 1343 “

885 1388 1070 1419 —Sinuoso
1090 1388 1123 1419 in
1138 1396 1277 1430 pectore.
1295 1387 1339 1420 In
1359 1387 1528 1420 omnihus

884 1439 990 1472 etiam
1003 1438 1139 1472 intimis
1151 1438 1260 1472 animi
1273 1439 1477 1473 recessibus.
1486 1439 1527 1473 P.

933 1492 990 1525 28.
1013 1494 1097 1525 Voce
1118 1493 1246 1525 traham
1259 1492 1371 1537 putri]
1397 1493 1441 1525 In
1459 1504 1529 1538 pu·

883 1545 1019 1579 blicum
1042 1545 1222 1591 proferam
1237 1569 1248 1586 ,
1270 1553 1306 1578 et
1336 1546 1453 1591 palam
1481 1546 1530 1579 sa-

886 1598 1216 1637 ciam—Trahere,
1236 1609 1305 1644 pro
1328 1598 1468 1639 dicere,
1488 1606 1530 1632 ut

886 1653 966 1683 dare
978 1663 1081 1697 saepe:
1092 1659 1277 1697 sumptum
1287 1659 1404 1684 autem
1413 1664 1432 1685 a
1443 1663 1532 1684 nen·
1552 1645 1556 1649 ⁵

887 1705 997 1737 tibus.
1010 1724 1055 1729 —·
1067 1708 1242 1747 Totumque
1266 1705 1327 1736 Ιιοο
1347 1706 1454 1737 verba
1479 1717 1531 1736 re-

886 1758 1019 1801 signent.
1032 1757 1203 1802 Aperiant
1214 1781 1225 1797 ‚
1240 1757 1410 1790 revelent.
1422 1755 1530 1790 Unde

888 1809 1015 1842 dicunt
1033 1809 1149 1843 Latini
1168 1809 1298 1844 litteras
1315 1809 1504 1857 resignatas
1519 1834 1531 1851 ‚

888 1862 926 1895 id
940 1871 991 1896 est
1002 1887 1013 1903 ‚
1029 1871 1179 1908 apertaS.
1201 1863 1242 1896 L.

936 1927 993 1960 ²9·
1019 1915 1216 1948 Arcana...
1233 1916 1356 1962 sibrei]
1383 1916 1530 1951 Pectore

888 1967 1030 2001 intimo.
1050 1967 1077 2000 F
1079 1968 1192 2002 ibram
1208 1977 1327 2003 autem
1341 1981 1407 2016 pro
1422 1969 1531 2003 corde

890 2020 1040 2066 positam
1060 2019 1238 2062 vidimus,
1260 2030 1325 2055 sat.
1349 2022 1388 2063 1,
1408 2035 1444 2056 v.
1472 2027 1531 2067 ¹57·

889 2093 936 2098 -—
954 2075 1028 2106 Non
1063 2076 1257 2107 enarrabile.
1284 2074 1422 2121 Nempe
1455 2077 1533 2108 mea

889 2125 1031 2172 lingua,
1046 2125 1201 2172 ideoque
1220 2126 1264 2160 ad
1281 2127 1350 2161 hoc
1368 2139 1534 2160 enarran-

890 2177 977 2212 dum
989 2203 1000 2221 ,
1016 2189 1142 2212 centum
1164 2181 1267 2212 ausim
1285 2181 1452 2222 deposcere
1470 2191 1533 2211 vo-

246 2281 287 2310 Ὺ.
309 2279 363 2310 25.
384 2280 537 2311 Tectoria.
553 2281 656 2314 Codd.
673 2283 808 2313 Putean.
826 2282 956 2314 Pithoei
973 2285 989 2314 1
1000 2306 1009 2321 ,
1026 2280 1067 2314 n⁰
1086 2285 1197 2321 8246,
1214 2284 1356 2316 Colbert.
1379 2284 1412 2313 11
1423 2305 1433 2321 ‚
1451 2283 1532 2314 Col·

153 2350 159 2354 -
198 2331 282 2364 bert.
295 2334 362 2370 111,
379 2333 521 2365 Colbert.
534 2336 577 2372 V,
590 2336 841 2373 Mentellianus,
856 2343 889 2366 et
901 2342 964 2367 tres
977 2337 1032 2367 alii
1042 2337 1200 2377 plectoria
1210 2348 1225 2372 ‚·
1243 2342 1282 2365 ut
1294 2335 1337 2365 sit
1349 2345 1416 2365 vox
1426 2334 1533 2366 efficta

200 2394 219 2414 a
234 2384 339 2424 plecta
348 2407 359 2419 ,
373 2384 514 2426 ligamen
530 2386 709 2417 vimineum
718 2410 728 2426 ‚
742 2387 891 2428 adjectiv.
904 2387 1062 2428 plectilis,
1078 2387 1219 2418 verbum
1230 2384 1339 2427 plecta
1348 2408 1360 2422 ,
1374 2386 1531 2427 implic03

198 2443 236 2467 nt
254 2437 472 2478 metaphorice
485 2438 699 2481 designentur
713 2439 954 2480 implicationes
966 2446 998 2469 et
1010 2439 1250 2468 incantationes
1262 2438 1385 2479 ling-uae
1396 2438 1534 2470 fneatae:

202 2494 235 2517 at
254 2488 313 2518 ista
336 2489 562 2531 interpretatio
582 2490 681 2520 nimis
707 2497 856 2521 contorta
876 2490 1016 2520 videtur.
1031 2490 1158 2529 Quare,
1171 2489 1399 2531 reponendum
1418 2501 1535 2525 censeo

204 2540 345 2572 tectoria.
358 2542 438 2573 eod.
452 2541 581 2573 Pithoei
594 2544 627 2573 11
637 2565 646 2580 ,
660 2540 699 2572 ¹1⁰
716 2543 803 2581 8072
815 2565 825 2580 ‚
834 2541 985 2583 pictoria.

252 2605 294 2633 V.
313 2604 367 2634 26.
386 2605 450 2636 His.
466 2606 547 2638 Cod.
566 2605 708 2637 Colbert.
729 2607 779 2642 ΙΙ,
795 2612 858 2636 tres
874 2605 929 2635 alii
942 2612 975 2635 et
992 2612 1126 2643 noster,
1141 2604 1201 2637 hic.
1220 2607 1324 2641 Codd.
1347 2607 1536 2647 ColberLL

208 2649 341 2696 *pithoei
352 2652 367 2681 1
377 2673 386 2689 ‚
399 2651 466 2683 duo
478 2653 534 2683 alii
549 2659 581 2684 et
596 2653 648 2684 ed.
662 2659 725 2684 vet.
742 2651 827 2684 hinc.
842 2651 958 2684 Caeteri
973 2662 1088 2684 omnes
1098 2675 1107 2691 ,
1123 2651 1180 2684 bis.
