1846 3184
320 320 405 374 314
563 325 608 366 c.
646 310 913 367 Luc'1L11
946 325 1379 370 FRAGMENTA

522 441 1017 505 NUMMULARIA
1065 444 1451 489 COMOEDIA.

971 557 1003 593 1.

366 617 504 654 Nescio
521 630 710 668 quorsum
727 617 824 655 mihi
843 619 1029 657 eveniunt
1046 628 1113 659 tua
1129 621 1246 660 verba
1263 631 1340 661 tam
1360 623 1576 661 delenifica.

954 686 974 721 I
989 687 1019 722 Ι.

366 747 610 798 Porphyrion
643 747 684 784 in
713 749 849 786 Artem
878 749 1072 802 Poeticam
1101 750 1249 789 Horatii
1276 765 1285 788 :
1314 753 1470 803 Pythias
1502 767 1669 805 persona

312 812 459 848 comica
472 811 512 848 in
526 811 717 849 comoedia
733 813 895 850 Lucilii:
911 827 1000 864 quae
1013 814 1219 853 „inducitur
1231 830 1302 867 per
1318 818 1476 856 astutias
1491 820 1668 871 accipere

310 884 514 928 argentum
535 890 557 914 a
575 876 734 915 Simone
756 877 918 916 domino
936 890 1009 917 suo
1028 879 1068 917 in
1088 880 1223 918 dotem
1240 894 1320 919 suae
1338 882 1438 921 ffliae.

1235 944 1261 957 κ

834 1024 1150 1036 §ms-mmmm

420 1125 1040 1188 FRAGMENTORUM
1088 1127 1554 1174 FRAGMENTA.

629 1261 1027 1289 surnnlonlnns
1067 1261 1335 1290 ADDRNDA.

964 1371 996 1406 Ι.

371 1463 992 1472 ........................
1021 1437 1177 1473 Sanctu’
1197 1437 1350 1487 Serapis
1363 1465 1373 1483 ‚

359 1500 430 1538 Isis
443 1529 453 1546 ‚
474 1508 513 1538 et
530 1502 806 1551 Harpocrates‚
831 1499 954 1550 digito
972 1500 1042 1550 qui
1061 1500 1252 1551 significat
1271 1514 1327 1538 ετ.

949 1567 967 1602 Ι
981 1568 1011 1602 Ι.

359 1634 413 1669 At
430 1645 617 1683 magnum
637 1631 751 1678 fecit,
770 1630 879 1682 quod
896 1629 1024 1667 verbis
1041 1632 1175 1668 Graeca
1193 1630 1337 1667 Latinis
1393 1648 1397 1653 =

361 1697 534 1734 Miscuit.

934 1761 952 1795 I
968 1761 987 1796 Ι
1001 1760 1031 1795 1.

358 1798 637 1877 Cretatumtiue
657 1825 799 1863 bovem
817 1824 911 1861 duci
928 1823 978 1860 ad
996 1821 1187 1874 Capitolia
1208 1835 1358 1874 magna.

943 1891 1020 1925 IV.
1094 1900 1113 1917 ⁰

353 1954 536 1992 Vidimus
554 1955 729 1992 vinctum
750 1954 931 1992 thomicae
949 1952 1099 1991 cabina.

955 2021 1005 2055 V.¹
1574 2043 1582 2052 .

354 2086 400 2122 A.
422 2082 574 2120 Gellius
587 2110 596 2128 ‚
612 2083 727 2119 Noct.
743 2082 860 2119 Attic.
879 2082 948 2118 lib.
963 2083 1037 2118 VII
1049 2109 1059 2126 ,
1077 2094 1161 2131 cap.
1184 2081 1226 2117 3:
1244 2082 1383 2118 Recte:
1402 2080 1531 2131 inquit
1547 2079 1660 2132 (Tiro

301 2148 456 2187 Tullius
479 2150 534 2185 M.
560 2147 756 2185 Ciceronis
779 2146 1009 2195 Libertus),
1034 2145 1110 2183 hoc
1136 2145 1232 2183 vitio
1259 2145 1325 2183 dat
1346 2145 1521 2183 Lucilius
1545 2150 1660 2198 pocta

351 2304 379 2322 1.
388 2290 599 2334 Fulgentius,
609 2290 648 2321 de
657 2289 771 2321 Prisco
782 2298 949 2320 sermone:
1002 2286 1099 2317 Dian.
1111 2286 1369 2318 Exuthenismos
1380 2298 1387 2317 ε
1402 2286 1507 2329 figura
1516 2286 1588 2318 haec
1597 2286 1638 2318 flt
1648 2312 1658 2327 ,

300 2345 495 2390 Delemficus
508 2368 518 2382 ,
534 2340 784 2386 blandiloquus.
803 2342 951 2373 Lucilius
1006 2339 1081 2371 ciam
1105 2351 1173 2371 rem
1195 2340 1341 2382 aliquam
1363 2347 1582 2372 extenuamus
1595 2364 1605 2379 ,
1627 2349 1660 2373 et

299 2399 457 2432 Comicus
471 2396 712 2429 nummularia:
727 2395 841 2427 Nescio
854 2405 954 2437 quor·
1005 2400 1228 2436 contemptam
1245 2393 1403 2431 facimus,
1422 2400 1461 2424 ut
1478 2394 1569 2437 apud
1583 2396 1655 2426 Lu-

297 2465 367 2484 sum
379 2452 477 2490 mihi,
491 2460 554 2484 etc,
605 2480 612 2484 ,
1004 2447 1139 2492 cilium:
1157 2449 1203 2477 At
1215 2458 1367 2490 magnum
1376 2446 1482 2489 fecit,
1500 2456 1560 2479 etc.
1667 2446 1669 2449 ’

350 2518 378 2537 ι.
396 2508 504 2537 Varro
522 2528 532 2544 ,
551 2505 591 2536 de
613 2505 707 2547 Ling.
728 2506 795 2535 Lat.
812 2503 871 2534 lib.
889 2505 947 2536 1ve
1052 2502 1085 2532 3.
1102 2501 1368 2537 Commentarius
1382 2501 1420 2532 in
1437 2502 1458 2533 J
1461 2502 1631 2534 uvenalcm
1645 2524 1654 2540 ,

296 2560 466 2602 Principes
483 2559 567 2598 Dei,
583 2559 713 2591 Coelum
727 2565 759 2590 et
773 2559 872 2589 Terra
885 2569 892 2589 :
911 2558 950 2589 hi
1002 2562 1060 2586 sat.
1079 2556 1111 2586 X
1122 2577 1132 2594 ‚
1148 2554 1190 2585 ad
1202 2554 1277 2586 illa:

296 2613 342 2643 dii
360 2614 462 2644 iidem
478 2614 588 2656 quiin
604 2618 757 2656 Aegypto
773 2613 901 2655 Serapis
917 2621 951 2644 ec
1000 2623 1071 2648 Pone
1083 2623 1152 2648 doni
1170 2622 1272 2655 lnam,
1285 2623 1335 2648 duc
1347 2623 1374 2647 in
1388 2621 1517 2657 capitolin
1529 2631 1651 2657 mgnum

296 2665 316 2694 I
315 2664 370 2701 εἰς,ι
374 2672 406 2695 et
410 2667 615 2707 erarpocra
619 2673 663 2696 tes
669 2664 770 2708 digito
776 2664 946 2708 signficat.
1000 2665 1187 2699 cretatumque
1204 2665 1307 2690 bovem.

347 2734 377 2755 2.
393 2725 504 2757 Julius
517 2725 717 2759 Rufinianus
730 2725 770 2757 de
781 2725 946 2759 schemate
1048 2732 1080 2765 4.
1099 2729 1229 2759 Festus:
1253 2725 1413 2758 Thomices
1424 2748 1435 2765 .,
1452 2726 1568 2759 Graeco
1587 2736 1653 2759 nos-
