1846 3184
323 281 379 325 28

651 284 705 325 A.
737 282 980 327 PERSII
1020 281 1271 328 FLACCI

377 362 595 419 Artifices;
614 378 693 408 nec
711 381 782 407 rus
806 374 996 408 saturum
1019 367 1212 422 laudare,
1230 361 1307 410 ubi
1325 366 1494 423 corbes5

378 439 433 481 Et
455 440 596 493 focus,
615 451 657 482 et
674 442 817 498 porci,
836 452 878 483 et
897 441 1064 484 fumosa
1081 443 1229 484 Palilia
1248 443 1383 497 foen03

377 514 504 557 Unde
523 516 705 569 Remus,
724 518 928 574 sulcoque
944 529 1084 559 terens
1102 517 1308 571 dentalia,
1329 519 1504 573 Quinti,

376 591 486 633 Cum
504 588 669 650 trepida
687 604 783 635 ante
800 593 928 636 boves
946 594 1200 636 dictaturam
1219 594 1362 636 induit
1379 609 1514 647 uxor,

377 665 433 710 Et
451 677 523 708 tua
543 677 679 709 aratra
697 667 874 710 domum
894 669 1020 711 lictor
1041 669 1153 711 tulit.
1166 702 1175 711 .
1187 699 1196 711 .
1210 700 1220 711 .

320 794 376 829 En
385 793 498 841 igitur
506 791 566 828 has
577 790 832 841 descriptiones
844 792 960 830 trivia-

318 846 390 889 les,
402 859 488 893 quas
503 847 563 881 vix
576 847 790 881 concinnare
802 856 956 894 queunt.

321 919 367 926 ·—
381 903 515 933 Lucum.
541 899 611 933 Pro
631 900 758 946 quovis
774 900 871 934 luco.
891 901 934 934 A.

367 964 423 998 71.
432 956 495 985 Rus
505 952 670 997 saturum]
685 953 758 986 Rus
766 977 776 994 ‚
787 953 859 986 sive
871 965 959 999 prae-

320 1003 423 1038 dium
453 1005 557 1038 bonis
588 1005 861 1039 refertissimum
882 1030 892 1047 ,
924 1013 961 1039 et

320 1057 421 1104 quod
433 1055 634 1091 describere
644 1083 654 1100 ,
670 1058 727 1092 vel
741 1057 886 1092 laudare
899 1070 960 1091 cu-

319 1110 525 1157 pientibus,
545 1112 713 1147 futurum
737 1112 783 1146 sit
808 1111 962 1157 benigna

318 1164 479 1201 materia.
495 1185 541 1190 —
563 1166 624 1198 Ubi
649 1167 769 1198 corbes.
799 1165 962 1211 Explicat

318 1216 487 1263 pluribus
506 1217 605 1264 quod
621 1229 710 1252 voce
729 1217 833 1258 unica
850 1217 959 1263 signi-

317 1269 579 1311 ficaverat,ct'1m
587 1282 648 1304 rus
656 1280 798 1303 saturum
807 1270 959 1310 vocavit,

319 1323 437 1369 copias
461 1322 555 1356 ruris
575 1323 732 1357 breviter
753 1334 960 1364 recensens,

320 1384 357 1409 et
382 1375 461 1409 loca
485 1375 624 1422 aliquot
651 1375 835 1417 indicans,
863 1375 962 1410 unde

320 1427 416 1462 ruris
442 1428 602 1462 encomia
627 1428 712 1463 duci
739 1436 774 1463 et
796 1429 866 1462 late
891 1427 962 1462 dif-

319 1480 428 1515 fundi
447 1490 627 1528 poterant.
649 1481 704 1515 Ad
726 1482 865 1528 copiam
885 1482 961 1515 haec

320 1542 504 1580 spectant,
517 1537 643 1574 corbes,
646 1535 746 1578 focus
754 1560 765 1575 ,
774 1537 870 1579 porci
876 1535 961 1578 ‚foe-

320 1599 422 1625 num;
439 1598 519 1633 quoe
542 1587 679 1633 singula
703 1587 741 1621 in
763 1599 839 1621 rem
860 1599 960 1620 suam

320 1638 408 1672 scite
418 1639 595 1679 transfert,
602 1639 665 1686 qui
674 1640 841 1674 rusticam
850 1639 961 1675 vitam

320 1691 465 1726 laudare
484 1691 649 1727 destinat.
669 1693 711 1727 C.

370 1757 427 1790 72.
444 1747 582 1778 fumosa
604 1747 750 1790 Palilia]
769 1744 868 1779 Pales
890 1753 965 1780 erat

322 1797 396 1830 Dea
419 1806 605 1843 pastorum
619 1822 628 1839 ‚
648 1799 751 1844 cujus
773 1798 859 1832 festa
885 1810 965 1844 age-

321 1848 456 1882 bantur
473 1861 511 1882 11
528 1849 608 1883 Kal.
628 1850 712 1883 Mai.
728 1848 771 1883 ad
790 1849 974 1884 arcendos'

321 1900 428 1947 lupos
447 1909 483 1935 et
501 1902 645 1935 morbos
661 1914 681 1935 a
697 1914 827 1948 pecore
840 1928 850 1945 ,
867 1910 904 1936 et
921 1911 964 1937 ut

321 1953 407 1988 felix
433 1962 523 1988 esset
551 1960 586 1988 et
612 1954 801 1989 foecundus
826 1956 964 2001 pecoris

321 2015 459 2053 partus.
473 2007 582 2042 ovid.
597 2007 686 2041 Fast.
697 2008 757 2041 lib.
771 2005 835 2041 IV.
849 2008 964 2042 Varro

323 2072 382 2106 ap.
397 2067 469 2095 vet.
484 2059 674 2107 interpret.
686 2060 810 2094 Palilia
823 2070 888 2093 tam
895 2062 966 2103 pri-

324 2122 399 2147 vata
415 2115 514 2157 quum
526 2116 660 2157 publica
677 2123 753 2147 sunt
765 2116 856 2157 apud
868 2115 962 2146 rusti-

325 2179 397 2199 cos:
414 2176 451 2199 ut
468 2168 620 2211 congestis
642 2180 713 2200 cum
725 2167 821 2209 foeno
842 2167 963 2210 stipndis

324 2221 431 2263 ignem
447 2232 599 2264 magnum
613 2222 814 2258 transiliant,
833 2221 881 2252 his
896 2223 960 2252 Pa-

323 2274 430 2305 lilibus
447 2286 480 2306 se
498 2275 628 2319 expiari
645 2275 825 2306 credentes:
841 2272 939 2307 unde
951 2298 961 2315 ,

324 2324 395 2359 hoc
405 2325 485 2360 loco
492 2349 503 2368 ‚
507 2325 642 2369 fumosa
649 2325 768 2360 Palilia
778 2325 961 2360 dicuntur.

373 2430 432 2476 73.
456 2432 545 2464 Unde
560 2433 699 2475 Remus]
717 2379 862 2473 Qui-gii
873 2378 963 2478 {gro

1011 795 1149 842 prodiit
1164 797 1297 831 Remus
1318 808 1403 830 cum
1426 797 1535 831 fratre
1547 822 1558 840 ,
1574 794 1652 832 scil.

1010 849 1166 883 Romulo
1175 874 1185 891 ,
1196 858 1231 883 et
1240 850 1388 883 Romam
1398 848 1654 890 condiderunt,

1011 901 1103 935 circa
1144 901 1352 936 Paliliorum
1388 901 1497 936 diem.
1540 901 1651 937 ovid.

1011 953 1103 987 Fast.
1131 954 1418 998 IV.—·Sulcoque
1442 965 1564 993 terens,
1588 964 1651 987 ete.

1011 1005 1119 1040 Unde
1153 1011 1196 1040 tu
1226 1019 1373 1054 quoque
1408 1007 1574 1054 prodiisti
1591 1032 1602 1050 ‚
1632 1009 1655 1040 ὁ

1013 1058 1144 1100 Quinti
1165 1058 1401 1093 Cincinnate!
1425 1059 1488 1106 qui
1513 1072 1556 1094 ex
1579 1072 1656 1094 ara-

1015 1119 1072 1146 tro
1097 1110 1142 1145 ad
1165 1111 1379 1146 dictaturam
1407 1124 1443 1146 es
1465 1120 1653 1147 evocatus:

1016 1164 1117 1211 quod
1142 1174 1271 1200 notum
1297 1165 1466 1200 omnibus
1482 1190 1494 1208 ,
1518 1178 1561 1200 ex
1584 1165 1657 1200 Tit.

1012 1219 1090 1253 Liv.
1107 1218 1170 1252 lib.
1185 1219 1258 1252 III.
1269 1240 1315 1244 —
1326 1221 1419 1252 Sulco
1432 1228 1535 1252 terens
1545 1221 1658 1251 denta-

1012 1273 1069 1304 lia.
1092 1271 1216 1305 Arans.
1244 1271 1335 1305 Nam
1361 1271 1456 1305 inter
1481 1270 1658 1306 arandum

1014 1323 1177 1367 dentale,
1199 1324 1254 1359 vel
1281 1325 1422 1371 lignum
1447 1325 1507 1360 cui
1532 1337 1660 1359 vomer

1013 1375 1201 1413 inducitur
1212 1401 1223 1418 ,
1240 1377 1412 1412 continua
1430 1377 1589 1412 aratione
1603 1386 1658 1425 qt-

1014 1429 1158 1463 teritur.
1178 1429 1218 1462 P.
1234 1438 1269 1463 et
1282 1431 1436 1464 Lubinus.

1062 1487 1117 1528 74.
1141 1483 1308 1528 Trepida]
1330 1482 1514 1517 Festinans
1526 1507 1536 1523 ‚
1553 1494 1656 1517 more

1014 1534 1155 1582 Virgilii
1167 1560 1177 1577 ‚
1190 1535 1310 1581 inquit
1323 1535 1478 1570 Servius.
1491 1535 1564 1569 Tit¹
1581 1535 1658 1569 Liv.

1012 1589 1093 1623 loco
1114 1589 1172 1623 cit.
1192 1592 1316 1633 Togam·
1326 1602 1466 1632 propere
1488 1601 1506 1621 e
1526 1589 1656 1632 tugurio

1006 1642 1157 1686 przfitrre
1170 1653 1304 1674 uxorem
1320 1643 1479 1674 Raciliam
1486 1642 1592 1685 jussit.
1617 1641 1657 1675 C.

1063 1695 1122 1741 75.
1142 1698 1184 1727 Ee
1200 1704 1259 1728 tua
1278 1704 1392 1728 aratra
1412 1696 1561 1735 domum,
1577 1694 1654 1740 etc.]

1016 1753 1131 1788 Δεινῶς
1156 1749 1227 1782 hoc
1251 1747 1387 1782 dictum
1405 1761 1414 1782 :
1435 1760 1518 1781 nam
1541 1759 1658 1794 quan-

1016 1809 1096 1835 tum
1108 1799 1200 1834 illud
1211 1808 1262 1834 est
1270 1825 1281 1842 ‚
1295 1798 1395 1846 quod
1407 1799 1537 1833 aratori
1550 1799 1658 1833 lictor

1013 1853 1182 1900 publicus
1208 1851 1486 1893 ministraverit,
1507 1853 1658 1899 ejusque

1015 1914 1127 1940 aratra
1144 1904 1295 1939 domum
1308 1904 1474 1938 retulerit
1484 1903 1500 1936 ?
1515 1903 1578 1938 His
1593 1915 1658 1938 au·

1016 1967 1090 1993 tem
1113 1970 1219 2004 supra
1241 1957 1367 2000 dictis,
1381 1969 1456 1991 non
1474 1957 1565 1991 male
1584 1969 1662 1990 sus-

1015 2011 1202 2058 picabatur
1224 2010 1372 2044 casaub.
1394 2009 1552 2043 allusisse
1575 2008 1663 2043 Per·

1016 2064 1110 2096 sium
1144 2061 1189 2096 ad
1219 2062 1377 2108 aliquem
1403 2061 1459 2095 sui
1486 2060 1660 2107 temporis

1016 2111 1160 2161 poetam
1184 2114 1269 2160 qui,
1289 2115 1372 2147 cum
1395 2111 1441 2146 de
1465 2125 1504 2147 re
1527 2113 1661 2147 rustica

1013 2180 1154 2201 carmen
1191 2166 1339 2213 aliquod
1377 2166 1656 2211 composuisset,

1013 2220 1107 2254 forte
1124 2220 1162 2253 in
1181 2232 1223 2253 eo
1242 2219 1354 2253 multa
1371 2218 1492 2264 inepte
1511 2229 1659 2264 conges-

1015 2281 1126 2315 serat,
1141 2280 1183 2305 ut
1196 2272 1283 2305 festa
1296 2271 1386 2304 Palis
1396 2295 1407 2312 ,
1424 2270 1524 2304 urbis
1535 2271 1658 2305 Romae

1015 2325 1188 2371 originem
1206 2348 1216 2365 ‚
1240 2324 1286 2365 Q.
1317 2323 1520 2357 Cincinnati
1544 2324 1657 2359 histo-

1014 2378 1127 2419 riam,
1144 2378 1219 2411 haec
1243 2377 1350 2410 simul
1374 2376 1555 2410 intextens
1578 2388 1659 2410 cor-

1014 2430 1121 2464 bibus
1133 2454 1144 2472 ,
1167 2429 1256 2463 focis
1269 2454 1279 2472 ,
1297 2428 1437 2475 porcis,
1459 2437 1529 2463 etc.
1541 2454 1552 2470 ,
1577 2441 1659 2475 quae

371 2549 412 2578 V.
429 2554 482 2586 74.
502 2548 713 2579 Dictaturam.
729 2551 820 2580 Hanc
832 2548 1007 2587 lectionem
1020 2547 1171 2579 revocavi
1185 2558 1225 2578 ex
1239 2546 1395 2578 omnibus
1409 2545 1654 2588 antiquioribus

325 2605 396 2630 tum
413 2601 542 2642 scriptis
553 2624 562 2639 ‚
579 2609 650 2632 tum
663 2602 758 2633 editis
778 2601 878 2633 libris.
896 2603 969 2632 Vct.
990 2601 1092 2632 schol.
1110 2606 1142 2631 et
1163 2599 1321 2631 nonnulli
1340 2599 1435 2630 codd.
1456 2599 1655 2630 dictatorem.

326 2652 407 2684 eod.
423 2655 589 2686 Puteanus
603 2666 737 2698 quoque
749 2655 999 2687 dictatorem.—
1008 2656 1127 2696 Supra,
1137 2653 1217 2685 clim.
1227 2653 1314 2684 Male
1329 2653 1400 2686 cod.
1414 2659 1540 2692 noster,
1554 2663 1656 2694 quem.
