1846 3184
434 289 536 335 Ex:
562 289 783 334 Lumo.
804 293 991 336 XXIX
1022 293 1245 339 SATIR.
1320 327 1326 332 -
1434 300 1514 343 301

226 436 405 476 Aetatem
422 435 494 498 tibi
511 437 614 476 istuc
630 376 818 487 htux-mx,
828 377 1065 490 {Il-‘enum’
1084 442 1118 481 si
1133 442 1209 483 hoc
1226 443 1379 484 bellum
1393 455 1518 499 putat.

762 507 803 543 X
813 507 854 543 X
864 507 927 543 1⁷1.

227 563 400 602 Primum
420 577 468 603 ex
483 564 669 614 advorso,
688 569 720 606 si
736 569 846 620 quod
863 577 922 608 est
938 571 1184 610 coenaculum
1196 600 1209 620 ‚
1241 618 1257 635 ι

226 628 318 675 Quo
335 628 496 680 recipiat
515 638 566 668 te.

746 688 784 724 X
795 689 835 724 X
847 688 867 724 Ι
877 689 897 724 Ῑ
908 689 940 724 Ι.

235 772 880 788 .........................
897 753 1187 805 Gymnasioque
1196 783 1208 801 ,

225 811 280 848 Ut
295 809 451 849 schema
467 812 630 864 antiquo
648 822 883 865 spectatores
902 817 1098 855 retineres.

344 877 347 880 “
637 876 641 879 ⁴
759 880 798 916 X
809 882 848 917 X
860 881 879 917 1
888 882 936 917 V.

234 966 829 980 .......................
851 944 931 982 Ubi
952 953 1033 982 erat
1053 958 1196 997 scopus

224 1002 373 1054 Ejicere
394 1003 513 1054 istum
530 1004 600 1053 abs
618 1013 656 1043 te
668 1033 679 1052 ,
697 1005 815 1058 quam
830 1009 1003 1059 primum
1021 1017 1060 1047 et
1075 1010 1237 1060 perdere
1253 1024 1438 1053 amorem.

769 1072 809 1108 X
821 1073 860 1108 X
869 1073 917 1109 V.

228 1129 303 1168 Hic
328 1144 392 1168 me
421 1131 492 1169 ubi
514 1132 646 1180 videt,
674 1134 973 1183 subblanditur,
996 1137 1178 1188 palpatur
1191 1167 1202 1186 ,
1228 1149 1347 1191 caput
1375 1141 1495 1180 scabit
1509 1170 1520 1189 ‚
1539 1175 1543 1178 .

149 1193 296 1245 feda
316 1194 422 1245 legit-

754 1255 931 1291 XXVI.

227 1310 334 1358 Quid
349 1311 446 1349 mihi
463 1313 639 1364 proderit
651 1343 662 1361 ‚
683 1329 802 1366 quem
822 1318 935 1355 satias
950 1317 1033 1367 jam
1049 1320 1226 1358 omnium
1240 1335 1372 1360 rerum
1388 1324 1522 1362 tenet?

738 1383 779 1419 X
790 1383 829 1418 X
838 1383 873 1419 V
882 1384 901 1419 1
911 1384 944 1419 Ι.

226 1441 341 1477 Nunc
358 1448 402 1478 tu
417 1450 551 1481 contra
567 1444 675 1482 venis
686 1473 698 1491 ,
714 1444 777 1482 vel
795 1445 867 1496 qui
880 1446 923 1484 in
938 1448 1108 1498 nuptiis,
1125 1448 1187 1486 vel
1203 1461 1243 1486 se
1258 1462 1413 1489 seneces
1424 1479 1435 1497 ‚
1450 1465 1522 1490 nec

174 1503 257 1547 sine
275 1505 458 1556 pernicie.

725 1562 764 1598 X
775 1561 816 1598 X
826 1564 860 1599 V
870 1564 889 1599 1
900 1565 919 1599 1
932 1565 963 1600 1.

226 1623 345 1673 Perge
361 1622 502 1662 amabo
513 1653 525 1671 ,
541 1637 585 1662 ac
598 1652 609 1671 ‚
625 1625 657 1662 si
675 1634 788 1676 potes
799 1653 810 1671 ‚
830 1626 913 1664 face
931 1627 1089 1679 dignam
1105 1642 1168 1666 me
1183 1638 1228 1667 ut
1245 1631 1357 1668 vobis
1371 1640 1520 1683 putem.

746 1691 787 1726 X
797 1691 836 1727 X
847 1692 867 1726 I
880 1692 931 1727 X.

226 1752 314 1789 Hoc
338 1751 547 1791 invenisset
569 1764 694 1791 unum
721 1754 770 1791 ad
797 1754 981 1793 morbum
1003 1755 1155 1795 homini
1172 1757 1287 1798 illum
1306 1761 1370 1798 vel
1388 1761 1525 1801 bellis-

174 1815 331 1853 simum.

770 1873 810 1909 X
821 1874 862 1910 X
872 1874 925 1910 X.

227 1932 318 1969 Haec
337 1940 396 1969 est
413 1933 511 1970 ratio
527 1947 536 1970 :
557 1946 735 1984 perversa
752 1947 827 1973 aera
846 1950 857 1972 ε
884 1949 1036 1976 summa
1061 1947 1101 1977 et
1117 1939 1311 1980 subducta
1328 1943 1520 1995 improbe.

753 2001 793 2036 X
803 2002 844 2037 X
854 2002 894 2038 X
905 2003 936 2038 1.

228 2059 377 2098 Eodem
394 2073 476 2099 uno
491 2061 534 2099 hi
551 2061 672 2100 modo
690 2062 858 2101 rationes
876 2065 1097 2105 subducent
1114 2080 1212 2108 suas.

740 2130 781 2166 X
792 2130 831 2165 X
842 2130 882 2166 X
892 2131 912 2166 1
923 2131 956 2166 Ι.

227 2189 311 2239 Age
319 2201 425 2227 nunc
437 2202 632 2229 summam
642 2199 824 2244 sumptus
836 2193 1031 2246 ducatque
1040 2197 1125 2234 aeris
1136 2197 1253 2235 simul
1261 2182 1379 2249 atque
1393 2200 1521 2239 alieni.

221 2321 278 2343 αι.
289 2312 437 2345 Nouius:
451 2314 596 2354 Beuum,
607 2315 744 2355 melius,
757 2315 822 2348 ele-
923 2318 979 2349 26.
996 2318 1146 2350 Nonius·
1162 2320 1287 2357 δαείω,
1301 2332 1364 2362 pro
1380 2323 1520 2357 satiem.

175 2366 444 2407 gm,prudem.
924 2372 1518 2419 27.Nouiu3:Pernic1‹:ies,perieu-

146 2409 149 2411 ’
194 2440 196 2442 v
224 2426 282 2448 αἱ.
299 2418 454 2452 Nonius:
470 2422 640 2464 Recipere,
655 2434 819 2455 revocare.
872 2422 965 2461 lum,
984 2424 1137 2456 exitium.

225 2469 281 2499 23.
294 2470 442 2505 Nouius.
454 2474 607 2513 Schema,
618 2487 661 2506 ne
643 2483 738 2507 eutro
746 2488 820 2519 gen.
924 2477 979 2506 28.
996 2477 1153 2509 Nonius:
1164 2480 1308 2518 Paean,
1319 2482 1489 2515 atinae.

224 2526 283 2558 ²4·
294 2522 440 2557 Nonius·
453 2527 532 2570 Ejec
495 2536 621 2566 ec‚cum
636 2540 697 2559 exc
680 2529 820 2560 clusum.
923 2540 977 2570 29.
995 2531 1145 2571 Nonius,
1162 2533 1239 2572 Vel,
1253 2545 1318 2576 pro
1334 2536 1443 2567 etim.

225 2574 281 2604 25.
300 2575 453 2609 Nonius:
470 2581 650 2623 Palpatur‚
669 2592 731 2624 pro
746 2582 821 2624 pal—
922 2584 975 2614 30.
993 2583 1138 2616 Nonius:
1158 2587 1267 2625 Aem,
1286 2589 1518 2621 numefi'uou.

113 2629 120 2636 ’
176 2632 262 2667 pit-
258 2628 401 2659 'ermu
418 2631 517 2665 Pedes
542 2633 719 2672 dicuntur,
738 2645 822 2678 quos
922 2636 977 2667 31.
1001 2636 1098 2669 Non.
1110 2638 1314 2678 Squucem,
1332 2646 1519 2684 supputare

177 2677 375 2713 diminutive
387 2681 527 2717 dicimus
538 2686 720 2729 pediculos
925 2688 979 2720 32.
987 2688 1034 2722 Id
1037 2690 1161 2723 Ducere
1160 2692 1520 2739 ,volverefflertrectare-
