1846 3184
229 327 318 371 216
445 327 592 370 JANI
626 326 1363 380 DOUSAEVSCHEDIASMA

228 410 344 448 metri
362 410 482 459 hujus
500 410 790 449 hemistichium
815 411 903 463 quis
926 411 976 450 ab
1000 412 1162 450 Horatio
1182 425 1264 450 esse
1283 426 1364 451 non
1381 411 1487 451 videt
1504 410 1579 458 ita,

229 474 299 514 lib.
322 478 341 514 1
353 504 364 524 ‚
384 484 453 514 sat.
477 489 499 513 α
512 505 523 523 ,
543 476 804 527 scriptitante:

473 575 692 587 ..........
706 556 1362 589 ‚......................Macte

465 607 600 638 Virtute
619 613 711 645 esto,
723 606 834 648 inquit
850 607 1012 639 sententia
1031 608 1084 639 dia
1101 609 1246 641 Catonis.

230 676 296 714 Ad
315 675 573 714 imitationem
590 675 783 712 Luciliani
802 674 908 714 illius
926 676 1095 715 maxime
1113 690 1122 713 ε

468 744 583 778 ‘Valeri
599 747 762 778 sententia
780 747 842 779 dia.

232 811 361 861 Pergit
379 793 551 863 Sulpicia
566 824 576 847 ε

232 897 272 924 v.
297 884 367 939 49.
398 913 1030 925 ......................
1049 882 1264 926 Utrumne
1281 882 1501 939 secundis,

390 950 462 990 An
481 947 616 1008 magis
635 946 819 992 adversis
838 960 967 993 staret
983 950 1178 995 Romana
1195 965 1403 1010 propago.

392 1013 588 1067 Scilicet,
611 1013 828 1071 adversis]

287 1090 374 1127 Hoc
387 1098 464 1135 est,
478 1090 591 1128 facile
608 1091 703 1129 scias
721 1090 890 1128 adversis
909 1091 1040 1143 potius
1058 1073 1176 1142 q'uam
1193 1090 1373 1128 secundis
1385 1090 1592 1128 consistere

236 1151 475 1206 majestatem
491 1155 654 1206 Imperii
670 1149 856 1193 Romani:
874 1163 931 1193 est
949 1156 1054 1193 enim
1070 1156 1232 1202 scilicet,
1251 1154 1347 1193 scire
1364 1154 1478 1192 lice't:
1496 1166 1595 1206 quo-

236 1218 359 1257 modo
393 1228 433 1256 et
459 1220 641 1258 videlicet
672 1216 778 1271 apud
812 1218 995 1258 Plautum
1018 1250 1029 1268 ,
1057 1233 1129 1272 pro
1165 1220 1300 1257 videre
1333 1221 1429 1256 licet.
1457 1220 1596 1270 Neque
1613 1246 1616 1249 -

238 1282 454 1335 quicquam
469 1284 588 1323 hacce
608 1285 796 1323 sententia
808 1285 959 1330 verius:
981 1284 1087 1323 unde
1107 1294 1145 1322 et
1160 1285 1293 1323 Nasica
1308 1281 1395 1331 ille,
1408 1284 1458 1322 ad
1473 1281 1598 1336 repri-

237 1349 423 1386 mendam
442 1349 657 1400 nequitiam
672 1379 683 1396 ,
703 1349 989 1401 servandosque
1008 1350 1178 1402 optimos
1196 1346 1285 1388 illos
1297 1379 1308 1396 ,
1328 1349 1404 1387 hoc
1424 1357 1482 1387 est
1495 1378 1506 1396 ,
1527 1361 1599 1386 an-

241 1413 373 1464 tiquos
398 1424 526 1451 mores
546 1414 714 1464 (quibus
738 1427 819 1450 rem
843 1417 1063 1452 Romanam
1081 1424 1185 1452 stare
1206 1414 1454 1466 potissimum
1471 1411 1598 1451 Enm‘o

242 1491 404 1529 quoque
421 1491 652 1528 persuasum
668 1478 793 1515 fuerat
806 1478 886 1527 jam
906 1479 1045 1529 olim),
1064 1478 1286 1527 cujusmodi
1301 1477 1448 1517 scilicet
1465 1477 1506 1516 in
1521 1491 1598 1529 po-

243 1542 342 1594 pulo
361 1545 562 1588 Romano,
580 1543 681 1580 inter
699 1543 917 1581 secundum
939 1552 978 1581 et
1004 1552 1246 1594 postremum
1266 1540 1418 1581 bellum
1437 1542 1600 1581 Cartha-

242 1608 422 1658 ginense,
438 1607 606 1645 maxime
622 1608 808 1659 viguisse,
823 1621 903 1646 non
919 1607 1080 1659 quidem
1095 1620 1225 1645 amore
1237 1606 1397 1655 justitiae
1407 1635 1418 1652 ‚
1436 1606 1505 1643 sed
1517 1606 1600 1644 for-

243 1668 393 1710 midine
408 1670 538 1709 infidae
553 1672 679 1721 paciS,
697 1662 899 1724 cognitum
911 1672 1024 1711 nobis
1038 1686 1085 1710 ex
1101 1670 1323 1723 fragmentis
1332 1668 1599 1717 Sallustianis3

246 1738 384 1774 Nasica
407 1736 475 1774 ille
501 1737 663 1788 inquam
689 1738 892 1784 cordatus,
913 1737 1262 1789 quamvisCatone
1287 1735 1535 1784 adversante,
1556 1740 1603 1772 ut

246 1810 357 1839 metu
372 1802 465 1839 vitia
482 1802 774 1849 cohiberentur,
794 1801 1065 1855 Carthaginem
1079 1802 1237 1840 nolebat
1252 1800 1370 1839 everti
1379 1815 1390 1848 ;
1408 1798 1518 1852 quod
1532 1808 1579 1837 ut
1589 1829 1601 1846 ‚

248 1880 340 1904 cum
367 1866 413 1903 iis
441 1880 529 1917 quae
557 1876 798 1918 sequuntur,
819 1868 963 1906 rectius
994 1867 1111 1905 etiam
1134 1866 1393 1917 intelligatur,
1414 1865 1606 1903 nonnulla

247 1938 476 1982 argumento
505 1930 598 1968 huic
630 1941 886 1971 consentanea
918 1946 966 1970 ex
997 1931 1153 1973 Catonis
1182 1931 1304 1983 ipsius
1333 1930 1506 1968 censoria
1531 1942 1605 1981 pro

248 1995 541 2033 Rhodiensibus
554 1998 727 2033 oratione
739 1997 847 2047 apud
858 1999 904 2034 A.
920 1997 1093 2035 Gellium
1105 1996 1204 2034 lecta
1217 2025 1228 2043 ,
1242 1997 1321 2033 huc
1335 1994 1466 2033 oblata
1477 1993 1607 2032 hellis-

250 2061 348 2098 sima
372 2059 574 2098 occasione
602 2061 855 2098 transcribam
874 2076 885 2108 3
913 2070 1005 2099 sunt
1027 2075 1120 2099 vero
1147 2061 1230 2098 haec
1259 2074 1307 2098 ex
1327 2062 1377 2098 V.
1398 2060 1607 2111 Originum

250 2125 428 2174 ejusdem
455 2125 558 2162 libro
587 2138 611 2162 a
640 2125 873 2176 politissimo
903 2126 973 2164 illo
1003 2126 1219 2163 Atticarum
1245 2125 1423 2163 noctium
1446 2133 1606 2163 auctore

250 2186 365 2228 nobis
386 2190 496 2241 quasi
509 2203 584 2241 per
605 2202 743 2227 manus
762 2187 901 2227 tradita
918 2205 925 2226 :

305 2254 392 2292 Scio
411 2257 534 2292 solere
538 2257 739 2305 plerisque
756 2255 974 2291 hominibus
994 2255 1104 2291 rebus
1121 2254 1299 2292 secundis
1314 2262 1430 2303 atque
1436 2253 1609 2303 prolixis·

253 2330 373 2370 atque
383 2321 586 2370 prosperis
608 2322 782 2356 animum
809 2321 1057 2356 excellentem
1083 2327 1198 2390 ⁶²²²oe
1223 2319 1440 2367 superbiam
1452 2346 1466 2363 ‚
1491 2325 1609 2367 atque

242 2386 492 2434 ferocitatem
509 2397 712 2434 augescere
726 2393 842 2434 atque
857 2396 1022 2421 crescere
1039 2383 1138 2433 (ubi
1160 2382 1254 2420 item
1270 2381 1422 2420 notabis
1438 2381 1605 2419 duarum

252 2450 444 2487 linearum
459 2450 582 2501 spatio
600 2449 918 2498 conjunctionem
932 2457 1049 2498 atque
1062 2447 1237 2485 iteratam
1250 2446 1340 2498 plus
1351 2447 1482 2484 minus
1495 2446 1610 2495 quin-

257 2514 415 2565 quies),
437 2515 545 2564 quod
558 2528 657 2551 nunc
671 2515 769 2551 mihi
782 2527 938 2562 magnoe
952 2526 1056 2549 curoe
1068 2520 1146 2558 est,
1165 2512 1272 2562 quod
1286 2511 1372 2548 hoec
1384 2524 1443 2548 res
1456 2521 1537 2549 tam
1548 2524 1611 2549 se-

258 2581 384 2615 cunde
397 2580 647 2628 processerit,
669 2592 717 2616 ne
736 2580 832 2628 quid
847 2581 886 2615 in
905 2578 1138 2615 consulendo
1153 2577 1308 2613 adversi
1316 2578 1489 2622 eveniat,
1507 2577 1616 2627 quod

260 2652 408 2680 nostras
422 2646 614 2681 secundas
628 2658 688 2681 res
704 2644 908 2692 confricet,
927 2656 1019 2681 neve
1037 2643 1122 2679 hoec
1143 2642 1276 2678 loetz‘tia
1291 2643 1405 2678 nimis·
1420 2644 1613 2679 luxuriose

259 2709 421 2745 eveniat.
451 2710 634 2747 Adversae
658 2722 718 2746 res
738 2722 780 2746 se
804 2709 995 2755 domant,
1021 2716 1061 2746 et
1090 2708 1230 2745 docent
1255 2707 1352 2757 quid
1365 2706 1485 2756 sacto
1506 2716 1613 2758 'opus
