1846 3184
713 290 968 334 SATIRA
996 289 1041 332 ¹1.

1484 305 1539 347 27

277 380 385 423 Eece
399 373 528 420 modo
545 374 695 417 heroas
713 387 860 416 sensus
879 371 1034 415 afferre
1048 369 1244 412 videmus

273 454 435 514 Nugaui
455 452 602 495 solitos
620 450 788 503 Graeoe,
808 464 889 492 nec
910 462 1072 508 ponere
1091 447 1236 489 lucum

230 572 238 576 -
261 585 320 627 69.
341 584 423 614 Ecce
437 581 531 613 modo
545 579 677 617 henas,
690 579 766 622 etc-J
777 577 850 612 Ex·

216 634 330 682 posita
345 632 442 666 inani
460 629 708 678 grandiloquia
724 630 763 663 in
779 629 851 663 ele-

213 686 319 735 gidiis
326 710 338 727 ‚
346 686 465 720 aliisve
474 685 613 719 levibus
622 683 852 724 carminibus,

214 752 323 788 quam
332 747 422 773 tnnc
433 749 574 778 omnes,
586 749 607 770 a
618 735 782 783 principe
794 748 853 769 us-

214 805 286 840 que
294 791 340 826 ad
348 791 538 825 minimum
552 789 678 829 civem,
686 800 854 835 perverso

209 844 364 892 judicio,
377 844 616 883 sectabantur,
625 841 672 876 ad
683 841 855 875 insaniam

212 896 360 932 illorum
368 896 507 937 transit,
516 895 579 942 qui
591 894 749 941 linguam
758 893 855 928 Gra-

213 961 292 986 eam
322 948 412 983 dnm
438 948 499 983 vix
528 946 732 981 delibatum
741 971 753 987 ‚
773 946 855 992 qui·

215 1014 288 1049 qne
298 1002 360 1036 vix
371 1000 480 1047 periti
492 998 642 1034 edissere
650 1023 662 1037 .
676 1007 718 1033 ut
730 997 833 1032 decet
841 1021 853 1039 ‚

214 1054 372 1090 faciliora
398 1060 606 1101 argumenta
616 1077 627 1093 ‚
654 1052 691 1085 in
722 1051 856 1098 quibus

214 1107 332 1141 solent
362 1106 497 1140 tirones
529 1103 686 1138 exerceri
703 1128 714 1144 ‚
740 1103 858 1149 qualia

214 1168 301 1194 sunt
309 1157 502 1204 descriptio
514 1157 668 1191 nemoris
676 1181 687 1199 ,
699 1155 858 1190 laudatio

216 1211 269 1245 rei
284 1211 424 1244 rusticae
433 1234 445 1251 ,
464 1222 570 1242 sensus
586 1210 719 1247 luemus,
731 1207 770 1241 id
784 1216 854 1253 est,

216 1262 404 1298 heroicum
420 1274 563 1296 carmen
576 1286 588 1303 ,
604 1273 668 1295 seu
688 1260 833 1307 epicum
844 1284 856 1302 ‚

217 1315 403 1351 ambitiose
411 1314 517 1348 nimis
524 1312 666 1361 agredi
674 1312 851 1359 gestiunt:

219 1380 327 1415 qnam
338 1366 554 1406 dementiam
565 1365 644 1413 pari
657 1365 732 1399 fere
745 1363 854 1398 modo

216 1420 378 1454 satiricus
390 1426 512 1453 noster
531 1415 778 1464 reprehendit,
792 1420 859 1450 Art

216 1474 370 1516 Poe‘u‘qne
379 1496 392 1514 ,
408 1472 530 1511 cluant,
542 1474 594 1504 111
597 1483 611 1503 .·

218 1551 269 1581 Uu
277 1552 389 1590 peine
406 1548 579 1585 excellent,
593 1548 635 1578 οὺ
652 1554 721 1578 tout
730 1547 855 1578 marche

289 1603 331 1638 ⁴et
345 1607 378 1626 se
393 1596 468 1631 mit,

218 1643 305 1674 wat
312 1652 370 1683 pas
380 1642 420 1672 de
430 1651 482 1671 cet
493 1646 622 1670 travau
630 1640 727 1680 qu’un
734 1641 856 1680 caprice

222 1715 225 1718 .
297 1688 436 1728 produit.
797 1719 802 1723 ,

217 1734 246 1764 n
258 1738 332 1765 veut
342 1735 384 1764 dn
398 1741 516 1775 temps,
529 1733 583 1764 des
598 1734 697 1770 soins3
711 1739 743 1764 et
757 1733 859 1774 cepe-

299 1780 386 1811 niue
397 1790 529 1820 ouvrage

218 1828 329 1858 lamis
341 1828 419 1858 d’un
432 1827 547 1857 ecolier
557 1837 596 1856 ue
607 1826 655 1856 sut
663 1826 860 1866 l'apprentis-

218 1919 297 1950 Nais
304 1920 540 1959 souventparmi
551 1930 630 1949 nous
640 1930 682 1950 un
689 1923 782 1960 poete
790 1930 858 1950 sans

217 1987 221 1990 .
301 1973 350 1996 m
356 1988 366 2000 ,

219 2011 326 2050 Qu'nu
341 2013 423 2042 beau
439 2011 493 2042 feu
512 2012 706 2053 quelquesoia
717 2009 860 2044 &channa

299 2069 358 2098 par
369 2058 495 2095 lma-d,

218 2104 342 2135 Enflant
360 2104 436 2134 d'un
457 2105 527 2135 vain
548 2106 669 2147 orgueil
686 2116 744 2136 son
762 2107 859 2146 esprit

299 2151 488 2192 chimerique
498 2174 507 2188 ‚

219 2197 391 2228 Fierement
398 2198 500 2238 prend
510 2209 551 2229 en
557 2200 640 2229 main
652 2200 683 2230 la
690 2207 858 2241 trompette

298 2245 460 2285 beroique.

218 2290 259 2321 Sa
273 2291 364 2321 Ense
383 2291 526 2333 de'regle'e
534 2315 544 2330 ,
556 2303 596 2323 en
616 2304 663 2324 ses
680 2304 748 2324 vers
766 2305 858 2336 vaga-

221 2384 270 2414 Πο
279 2383 392 2414 s’e'leve
399 2386 509 2424 jamnis
523 2396 583 2426 que
598 2397 655 2428 par
666 2393 749 2418 sauts
760 2394 791 2418 et
802 2398 859 2428 par

1496 462 1543 495 70

902 581 941 611 Et
960 589 1016 610 son
1034 577 1107 613 feu,
1124 575 1287 616 depourru
1305 573 1345 604 de
1364 581 1433 603 sens
1453 577 1486 603 et
1504 571 1544 601 de

983 626 1118 659 lecture,
1302 656 1305 658 ,

902 674 1033 706 δ’ὁιείιιι
1046 674 1065 704 ‘a
1079 673 1198 713 chaque
1208 681 1281 712 pas,
1292 669 1376 701 fante
1390 668 1430 700 de
1448 677 1544 698 nour-

984 722 1092 751 ritui-e.

906 774 1084 810 Caeterum
1093 798 1103 813 ,
1114 771 1234 806 nescio
1247 771 1319 817 qna
1336 768 1474 805 ratione
1487 768 1544 802 in-

906 827 1010 862 ducti
1026 825 1254 861 casaubonus
1264 847 1275 865 ‚
1293 831 1330 857 et
1345 830 1428 869 post
1443 821 1546 855 hunc

905 882 1118 927 interpretes
1141 877 1236 913 Galli
1263 880 1308 910 Le
1333 877 1483 910 nonnier
1509 882 1547 908 et

904 936 994 974 Silis,
1001 934 1077 968 haec
1090 932 1135 967 de
1145 930 1341 978 juvenibus
1350 929 1410 963 vix
1418 941 1438 963 e
1446 940 1548 976 gym-

905 985 1003 1019 nasio
1023 983 1190 1030 egressis,
1208 994 1227 1016 a
1251 981 1373 1015 Persio
1394 979 1467 1014 dici
1484 991 1548 1013 vo-

905 1037 999 1071 lunt.
1016 1035 1115 1070 Nihil
1133 1034 1202 1069 tale
1223 1034 1339 1080 legere
1362 1040 1415 1067 est
1431 1031 1491 1066 vel
1507 1031 1548 1064 in

907 1087 1153 1135 superioribus
1163 1112 1174 1129 ,
1185 1086 1243 1120 vel
1253 1086 1291 1119 in
1302 1083 1548 1119 inferioribus.

908 1142 964 1175 De
978 1139 1106 1174 iisdem
1117 1164 1129 1180 ‚
1145 1146 1207 1173 aut
1221 1137 1395 1172 similibus
1407 1139 1551 1183 poetas-

908 1193 974 1228 tris
990 1192 1133 1226 Persius
1149 1189 1335 1237 loquitur-3
1349 1188 1414 1236 qui
1437 1187 1548 1221 clien-

908 1243 988 1278 tum
1001 1254 1149 1277 suornm
1162 1250 1199 1276 et
1210 1240 1439 1275 adulatorum
1447 1238 1551 1273 vanis

908 1293 1222 1331 exclamationibus
1242 1292 1333 1327 ebrii
1357 1291 1479 1326 subito
1502 1290 1549 1325 ad

905 1361 1048 1384 carmen
1060 1347 1205 1394 epicum
1218 1344 1448 1380 transvolant.
1457 1344 1550 1378 Cru-

906 1400 972 1436 dos
989 1399 1149 1435 vidimus
1170 1410 1231 1433 eos
1248 1396 1424 1431 dictantes
1442 1395 1550 1443 elegi-

906 1452 983 1495 dia,
995 1453 1031 1486 in
1046 1452 1147 1486 lectis
1160 1450 1301 1493 citreis3
1314 1449 1472 1496 populus
1485 1460 1549 1495 ap-

905 1505 1037 1553 plausit
1057 1505 1131 1550 (sic
1163 1503 1266 1538 aiunt
1295 1501 1497 1536 adulatore·
1510 1501 1548 1545 );

905 1572 978 1592 ecce
995 1560 1089 1591 modo
1106 1569 1173 1591 nos
1189 1558 1341 1590 videmus
1356 1567 1409 1588 eos
1424 1553 1550 1598 affin-e

905 1624 1011 1645 sensus
1035 1612 1169 1650 heroas,
1191 1621 1251 1644 eos
1276 1607 1403 1655 nugari
1426 1606 1550 1641 solitos

908 1664 1044 1705 Graece,
1058 1675 1118 1697 eos
1126 1662 1187 1696 vix
1197 1661 1349 1708 peritos,
1355 1668 1423 1695 etc.
1434 1659 1549 1701 Nihil,

910 1725 952 1751 nt
972 1716 1076 1750 uobis
1095 1715 1242 1750 videtur
1254 1740 1265 1756 ‚
1282 1714 1350 1748 hac
1367 1713 1546 1760 interpre-

910 1769 1045 1804 tatione
1072 1767 1216 1815 planius
1245 1779 1286 1801 ac
1313 1764 1485 1800 lucidius.
1503 1786 1551 1791 -—-

911 1825 1035 1855 Heroas
1047 1834 1165 1854 sensus.
1176 1820 1247 1854 Pro
1254 1820 1396 1861 heroos,
1405 1826 1442 1853 et
1454 1818 1549 1853 forte

909 1875 962 1909 sic
975 1872 1166 1921 legendum
1177 1898 1190 1916 ,
1205 1872 1326 1920 inquit
1344 1871 1492 1906 casaub.
1508 1872 1549 1905 A.

956 1939 1013 1974 7⁰·
1042 1928 1172 1971 Nugnn'
1196 1928 1303 1959 solitos
1329 1927 1477 1969 Graan]
1504 1925 1550 1959 In

908 1978 1098 2016 scribendo
1114 1979 1275 2014 lascivire
1292 1991 1393 2013 more
1410 1978 1551 2012 Greco-

908 2046 1012 2074 rum,
1025 2040 1088 2066 aut
1104 2031 1314 2067 Graecorum
1331 2031 1439 2066 verba
1461 2034 1548 2077 poe-

909 2085 1064 2120 matibus
1075 2085 1150 2119 suis
1161 2085 1365 2131 inspergere
1376 2089 1485 2129 atque
1498 2083 1551 2115 in-

908 2148 1044 2178 serere,
1056 2144 1100 2170 ut
1113 2136 1257 2169 meliora
1271 2143 1306 2169 et
1319 2134 1550 2168 concinniora

908 2188 1114 2224 videantur.
1132 2209 1178 2214 —-
1193 2190 1260 2221 Nee
1287 2201 1409 2231 ponere
1442 2189 1549 2218 lucum

908 2243 1057 2287 mfioes.
1078 2242 1157 2275 Iam
1174 2239 1331 2275 vidimus
1354 2240 1392 2272 in
1413 2239 1546 2272 Juven.

908 2300 971 2326 sat,
983 2293 1002 2325 Ι
1010 2317 1021 2334 ‚
1034 2305 1071 2325 v.
1089 2305 1110 2337 7
1123 2304 1132 2324 :

909 2345 993 2375 Nota
1004 2345 1101 2384 magis
1111 2343 1189 2372 nulli
1208 2343 1315 2372 domus
1330 2347 1377 2371 est
1390 2351 1444 2370 sua
1454 2351 1547 2381 qnam

991 2390 1067 2419 mihi
1081 2390 1167 2418 lucus

911 2435 1022 2465 Martis
1032 2455 1042 2470 ‚
1058 2440 1107 2464 etc
1110 2453 1505 2463 .............

265 2542 309 2573 V.
321 2542 377 2583 69.
390 2544 520 2575 Heroas.
533 2528 677 2585 Quidam
695 2545 790 2577 codd.
805 2544 918 2575 heroos
925 2556 940 2581 ;
961 2551 1141 2586 utrumque
1155 2544 1249 2575 bene.
1268 2545 1391 2575 Heroas
1402 2566 1414 2583 ,
1425 2554 1491 2575 aoc-
1503 2545 1550 2586 pl.

223 2602 319 2624 masc.
346 2605 365 2625 a
393 2595 599 2629 substantivo
630 2596 795 2628 heros-01⁸5
808 2608 823 2633 ;
853 2596 965 2628 heroos
977 2619 988 2633 ‚
1016 2606 1085 2627 acc.
1120 2597 1165 2639 pl.
1196 2607 1293 2628 masc.
1318 2595 1359 2632 ab
1388 2596 1551 2640 adjectivo

226 2643 339 2676 fimus
347 2662 363 2671 ·
371 2657 413 2677 a·
421 2658 483 2678 um.
