1846 3184
245 372 274 473 f
324 393 994 465 COMMENTARII
1031 385 1439 462 VETERES

649 556 735 607 IN
778 555 1112 628 SATIRAS
1279 512 1283 514 ἡ

408 692 418 704 ·
480 699 549 755 A.
589 697 889 755 PERSII
930 696 1279 772 FLACCI,

251 850 329 888 Ex
354 850 791 889 VETUSTISSIMO
822 850 1168 888 EXEMPLARI
1198 851 1239 886 P.
1272 850 1522 888 PITHOEI.

658 982 755 1006 ‘m

1008 994 1072 1006 m

538 1101 608 1138 IN
640 1102 928 1141 SATIRAM
959 1102 1232 1138 PRIMAM.

747 1212 797 1232 D!
824 1211 1028 1233 VArtnus.

269 1296 320 1332 In
329 1297 483 1344 prolog.
501 1307 540 1331 v.
562 1307 599 1343 9.
624 1295 750 1330 Verba
768 1302 896 1330 nostra
916 1293 1079 1345 conat-12]
1101 1295 1172 1340 Et,
1193 1295 1386 1341 blandiri,
1408 1295 1562 1348 leg-itur.

268 1368 318 1402 V.
343 1370 402 1410 14.
418 1366 644 1414 Pegaseium
664 1364 811 1415 melos.]
828 1366 874 1402 In
894 1363 979 1401 aliis
995 1373 1076 1410 est,
1097 1374 1242 1402 nectar.

270 1430 321 1465 In
334 1429 496 1465 satiram
508 1431 553 1474 I,
571 1441 607 1465 v.
627 1441 642 1464 1
651 1427 686 1465 5.
703 1429 897 1476 Quantum
913 1436 972 1464 est
981 1429 1022 1464 in
1033 1428 1143 1465 nebus
1154 1430 1300 1481 inane]
1314 1432 1495 1468 Graecum
1508 1439 1564 1468 est

219 1493 291 1526 ὅσον
305 1493 342 1527 τὸ
356 1493 458 1527 κενόν.
835 1501 839 1503 ’

270 1551 319 1586 V.
351 1561 388 1586 2.
423 1551 519 1598 Quis
548 1553 649 1600 leget
670 1550 811 1601 hoecPJ
844 1551 959 1588 Hunc
991 1563 1149 1588 versum
1180 1551 1230 1589 de
1256 1551 1414 1589 Lucillii
1438 1553 1565 1604 primo

215 1613 424 1650 transtulit.
688 1631 690 1635 ·

2 1720 5 1726 Ἰ
269 1680 318 1714 V.
337 1683 374 1722 4.
391 1678 646 1728 Labeonem.]
665 1678 795 1715 Labeo
819 1677 1015 1715 transtulit
1035 1676 1157 1715 Iliada
1183 1686 1223 1715 et
1250 1678 1465 1729 Odysseam
1481 1693 1568 1717 ver-

0 1707 27 1778 ξ
117 1786 120 1790 Δ
217 1741 316 1778 bum
333 1755 382 1778 ex
396 1742 516 1779 verbo
527 1771 539 1788 ‚
555 1742 721 1779 ridicule
736 1743 794 1792 (1)
809 1743 919 1787 satis,
934 1742 1045 1792 quod
1062 1743 1179 1780 verba
1197 1744 1330 1794 potius
1342 1742 1463 1794 quam
1480 1757 1568 1782 sen-

0 1766 27 1920 }
219 1818 308 1842 sum
326 1813 482 1842 secutus
499 1806 560 1842 sit.
576 1807 670 1857 Ejus
688 1814 746 1842 est
762 1806 829 1843 ille
845 1819 1003 1843 versus:
1289 1840 1293 1842 .

451 1883 602 1915 Crudum
618 1883 796 1914 manduces
813 1884 1000 1922 Priamum,
1017 1884 1204 1926 Priamique
1219 1884 1394 1927 phizingos
1407 1884 1472 1928 (α).

0 1920 15 1987 ἔ
271 1953 319 1988 V.
343 1951 380 1988 6.
404 1953 629 1988 Easamenve
649 1953 898 2003 impmbum.]
926 1954 1096 1991 Examen
1110 1961 1175 1991 *est
1193 1953 1328 2005 lingua
1348 1953 1423 2004 (3),
1435 1955 1496 1992 vel
1515 1955 1568 1991 li-

11 2061 19 2073 1
220 2028 362 2066 gnum,
375 2015 485 2066 quod
498 2016 666 2053 mediam
681 2016 829 2054 hastam
841 2016 891 2053 ad
903 2016 1077 2067 pondera
1088 2017 1327 2068 adaequanda
1341 2027 1458 2055 tenet.
1475 2020 1568 2056 Cas-

219 2080 339 2130 tigare
353 2088 483 2118 autem
497 2089 555 2118 est
567 2081 689 2132 digito
702 2080 841 2118 libram
854 2090 1057 2132 percutere
1069 2111 1080 2128 ‚
1094 2091 1140 2120 ut
1157 2091 1397 2134 temperetur
1408 2112 1420 2128 ,
1437 2092 1476 2120 et
1492 2097 1571 2134 prae

0 2088 30 2235 ξ
218 2145 427 2195 agitatione
445 2153 534 2196 post
549 2159 708 2197 aequum
728 2147 990 2197 conquiescat.
1011 2148 1172 2185 Trutina
1188 2161 1279 2185 vero
1296 2155 1354 2185 est
1372 2148 1547 2184 foramen
1560 2176 1571 2192 ‚

0 2256 21 2271 a
217 2209 317 2246 intra
337 2210 445 2260 quod
465 2218 523 2247 est
540 2210 710 2262 lingula,
731 2210 781 2248 de
799 2225 878 2262 qua
896 2212 1128 2249 examinatio
1148 2220 1217 2249 est.

3 2275 21 2296 '²'
268 2282 318 2317 V.
346 2294 384 2330 9.
414 2283 596 2319 Nostrum
625 2283 728 2318 istud
748 2284 877 2319 vivere
898 2282 1029 2332 αἰπὰ]
1057 2282 1197 2331 Figura
1225 2283 1359 2318 Graeca
1388 2289 1446 2317 est
1458 2309 1468 2326 ‚
1496 2294 1568 2331 pro

219 2351 391 2381 nostram
409 2345 528 2381 vitam
547 2345 709 2382 tristem.

271 2415 319 2450 V.
338 2427 354 2449 1
365 2427 380 2449 1
388 2441 399 2451 .
417 2415 512 2452 Ciam
523 2417 698 2464 sapimus
701 2414 895 2465 patruos]
906 2414 969 2452 Sic
980 2414 1134 2452 Cicero:
1154 2413 1376 2462 objurgavit
1386 2414 1562 2459 Coelium,

224 2486 267 2513 ut
277 2479 436 2526 quidam
442 2489 610 2528 patruus
632 2482 786 2517 Censor.

273 2549 320 2582 V.
344 2560 404 2584 12.
423 2550 622 2588 Petulanti
640 2553 773 2600 splene
798 2549 1013 2599 cachinno]
1041 2548 1239 2586 Cachinno
1267 2561 1411 2586 nomen
1429 2557 1487 2586 est
1500 2578 1511 2595 ‚
1531 2558 1570 2587 et

224 2609 441 2648 declinatur
458 2626 527 2662 per
541 2627 676 2652 omnes
694 2627 826 2659 casus,
843 2613 906 2651 hic
925 2613 1123 2651 Cachinno
1135 2641 1147 2659 ‚
1163 2612 1282 2664 hujus
1297 2612 1566 2651 Cachinnonis.

230 2674 446 2714 cachinnus
460 2685 516 2714 est
528 2691 619 2716 cum
628 2692 723 2717 voce
735 2680 834 2716 risus
847 2678 1026 2716 lascivior
1034 2707 1045 2724 ‚
1059 2691 1178 2728 quem
1186 2678 1308 2716 Gra—ci
1322 2675 1572 2725 μσνογερόντας*
