1846 3184
347 246 404 304 48

688 247 739 287 A.
770 243 1016 287 PERSII
1057 241 1306 284 FLACCI

408 327 497 370 Sub
513 337 647 369 rastro
666 338 809 384 crepet
827 326 989 384 argenti
1006 325 1114 366 mihi
1130 324 1256 377 seria,
1274 323 1422 364 dextro

413 404 616 446 Hercule!
634 402 900 461 pupillumve
916 401 1081 442 utinam
1095 431 1107 453 ,
1125 413 1251 456 quem
1270 398 1487 456 proximus
1505 394 1627 437 heres

411 479 591 539 Impello
601 511 613 533 ,
631 479 892 537 expungam!
913 490 1095 534 namque
1109 486 1172 517 est
1187 474 1402 516 scabiosus
1417 504 1428 526 ‚
1446 482 1488 514 et
1503 472 1591 513 acri

353 609 548 641 —Ebullire
563 614 614 641 est
627 605 790 652 employe
804 605 837 638 la
850 616 943 651 pour
954 603 987 636 le

351 660 505 695 tumulte
539 667 574 706 et
610 658 889 692 l’esfervescence
927 655 988 690 des

352 712 480 761 grands
507 712 664 747 convois.
692 713 989 744 Diderot.-Proe-

353 770 477 800 clarum
483 767 599 809 sunus.
620 763 729 807 Quod
748 772 833 797 tunc
847 763 990 809 praecla-

354 832 438 853 rum
448 843 458 860 ‚
472 827 506 852 et
525 830 652 864 magno
669 829 751 850 cum
765 823 935 862 apparatu
949 815 990 847 li-

353 872 481 906 benter
505 870 668 905 facerem.
686 869 743 903 Sic
759 869 852 902 enim
873 868 909 901 in
929 880 991 901 sua

353 924 552 958 imitatione
563 923 738 957 intellexit
747 921 904 955 satiricus
915 933 992 954 nos-

354 985 409 1011 ter
420 989 429 1009 :

357 1050 384 1078 Ο
399 1059 460 1088 que
468 1049 494 1077 si
506 1054 554 1078 cet
565 1048 651 1077 biver
661 1058 704 1076 nn
716 1047 824 1076 rhume
833 1045 974 1075 salutaire
983 1066 992 1081 ,

358 1094 538 1132 Guerissant
558 1094 597 1123 de
614 1100 684 1123 tous
704 1104 793 1123 maux
814 1103 887 1122 mon
904 1102 994 1122 avare

439 1142 612 1180 beau-pere
621 1164 630 1177 ‚

356 1188 486 1218 Pouvait
498 1188 571 1217 bien
583 1186 722 1217 confesse
734 1186 886 1216 l'etendre
900 1196 939 1215 en
953 1196 994 1216 un

439 1234 571 1265 cercueil
580 1256 590 1270 ,

358 1280 398 1309 Et
416 1279 542 1318 remplix·
561 1289 593 1307 sa
612 1278 730 1308 maison
757 1277 831 1306 d'un
857 1276 999 1317 agreable

440 1324 541 1355 deuil!

361 1373 428 1410 Que
446 1381 521 1401 mon
536 1381 621 1407 ame,
637 1381 676 1400 en
694 1380 729 1400 ce
743 1370 815 1408 jour
835 1369 873 1399 de
888 1370 951 1409 joie
967 1376 998 1399 et

443 1418 626 1458 d’opulence
635 1440 644 1453 ‚

359 1466 445 1495 D'un
456 1466 587 1505 superbe
599 1464 710 1494 convoi
720 1463 885 1504 plaindrait
896 1473 958 1503 peu
970 1464 999 1492 la

443 1510 594 1551 depenso!
919 1510 958 1539 A.

412 1587 468 1609 11.
494 1577 558 1608 Sub
580 1583 704 1612 rastro,
727 1576 804 1618 eta]
826 1573 972 1607 Utinam
986 1597 997 1614 ‚

362 1628 456 1663 inter
469 1626 641 1661 arandum
657 1626 727 1659 olla
743 1627 879 1672 argenti
893 1626 999 1672 plena

363 1689 485 1727 crepet
497 1681 584 1714 mihi
599 1680 665 1713 sub
680 1679 812 1713 rastro!
831 1679 1000 1712 Similiter

364 1735 487 1767 Horat.
503 1733 564 1766 lib.
578 1733 615 1765 ΙΙ
626 1757 637 1773 ,
653 1740 717 1765 sat.
734 1734 776 1765 6:

363 1803 391 1831 Ο
402 1803 427 1831 si
437 1790 545 1831 urnam
553 1800 673 1842 argenti
681 1799 743 1830 sors
754 1810 813 1840 qua
822 1799 897 1830 mihi
905 1809 1002 1829 mons-

446 1854 507 1878 tret
521 1847 528 1876 !

364 1912 498 1947 Mortes
509 1918 629 1944 autem
640 1922 787 1944 suorum
799 1917 835 1943 et
844 1909 1002 1945 inventio

366 1965 543 2006 thesauri,
558 1961 654 1998 inter
666 1964 826 2009 exempla
837 1972 1004 1998 votorum

366 2017 522 2052 hominis
552 2017 647 2052 avari
679 2017 782 2063 jungi
816 2017 942 2049 solent.
958 2036 1004 2041 -

366 2073 468 2105 Seria.
484 2072 555 2104 Vas
568 2070 764 2116 oblongum
774 2095 784 2110 ,
797 2078 1003 2110 testaceum,

369 2123 468 2172 quod
494 2124 713 2158 occultatum
738 2124 784 2156 sit
799 2148 809 2165 ‚
835 2135 896 2157 seu
924 2123 1004 2156 hos·

368 2179 460 2213 tium
470 2202 482 2220 ,
499 2189 561 2211 seu
578 2177 758 2210 latronum
775 2184 886 2210 metu.
901 2175 1007 2209 Testa

371 2243 479 2278 porro
489 2238 590 2264 terrm
599 2230 728 2263 infossa
738 2241 811 2262 non
820 2228 1004 2275 putrescit:

369 2284 525 2330 ideoque
537 2282 575 2316 in
587 2283 684 2317 seriis
693 2290 729 2316 et
741 2282 819 2316 ollis
828 2282 1007 2316 thesauros

369 2337 592 2372 infodiebant
602 2343 755 2379 veteres3
768 2334 864 2369 unde
876 2335 917 2368 fit
927 2360 937 2376 ‚
950 2332 1009 2368 sat-¹

370 2404 430 2440 pe,
445 2400 501 2433 ut,
511 2390 640 2424 nostris
651 2389 758 2424 etiam
771 2389 989 2435 temporibus
997 2413 1008 2431 ,

371 2445 456 2478 ollas
480 2452 516 2478 et
543 2443 649 2477 serias
675 2454 865 2476 aureorum
890 2453 1010 2488 argen-

372 2505 512 2532 teorum
523 2522 532 2538 ,
544 2497 601 2532 vel
619 2508 798 2531 aeneorum
818 2496 1010 2530 numisma-

1039 610 1115 636 tum
1127 610 1288 635 veterum
1300 600 1421 646 plenas
1434 598 1472 633 in
1488 598 1578 645 agris
1593 598 1678 645 qui-

1041 654 1122 689 dam
1138 654 1328 700 reperiant.
1348 653 1388 686 P.
1403 660 1437 687 et
1449 653 1492 685 A.

1090 719 1144 741 12.
1158 708 1293 739 Hercule
1305 704 1489 750 (dextro).]
1503 704 1654 738 Favente
1664 728 1676 744 ‚

1039 760 1199 806 propitio
1211 784 1221 801 ‚
1237 767 1278 793 ut
1295 759 1419 792 Horat.
1437 758 1516 792 loco
1533 769 1618 790 mox
1633 756 1682 790 ci-

1042 821 1133 855 tato,
1147 815 1250 845 amico
1264 813 1399 844 Hercule
1409 825 1421 844 .-
1440 823 1523 844 nam
1543 810 1682 844 thesau-

1041 866 1089 899 ris
1110 863 1331 899 recludendis
1352 862 1540 909 praesidere
1561 859 1682 895 crede-

1041 915 1148 948 batur
1158 939 1169 956 ,
1185 922 1221 948 et
1235 927 1255 947 a
1269 912 1434 947 studiosis
1446 913 1497 947 rei
1513 910 1682 946 faciendae

1045 968 1151 1002 fuisse
1168 967 1306 1001 cultum
1318 975 1354 1000 et
1362 963 1580 1002 πλουτοδότην
1595 964 1683 998 exis-

1046 1020 1211 1053 timatum
1226 1018 1341 1052 Graeci
1357 1017 1547 1064 Latinique
1559 1024 1682 1050 aucto-

1045 1084 1099 1106 res
1109 1079 1302 1112 testantur;
1315 1069 1468 1116 satisque
1480 1078 1607 1103 notum
1617 1077 1685 1110 est,

1045 1137 1119 1158 non
1135 1124 1253 1158 minus
1267 1123 1412 1158 Herculi
1428 1125 1534 1170 quam
1546 1123 1689 1156 Mercu-

1046 1178 1100 1212 rio
1125 1177 1299 1225 polluceri
1324 1189 1343 1210 a
1373 1185 1518 1223 repente
1544 1174 1685 1209 ditatis:

1050 1244 1132 1265 nam
1146 1232 1175 1265 si
1191 1230 1388 1264 Mercurius
1403 1237 1524 1276 aperto
1536 1228 1636 1262 lucro'
1650 1235 1687 1261 et

1050 1283 1310 1330 negociationi;
1329 1290 1481 1328 uterque
1497 1280 1687 1327 repent'no

1050 1335 1152 1369 lucro
1178 1343 1213 1369 et
1235 1336 1477 1383 inexspectato
1502 1345 1614 1380 praeer
1661 1340 1687 1366 t.

1050 1388 1168 1422 Plaut.
1182 1388 1335 1421 Mostell.
1350 1391 1380 1420 Is
1396 1389 1456 1420 vel
1465 1388 1598 1419 Herculi
1611 1398 1688 1418 con-

1051 1450 1152 1473 terere
1165 1450 1306 1484 questum
1313 1442 1441 1483 possiet.
1461 1438 1500 1472 C.
1514 1448 1548 1472 et
1562 1437 1601 1471 P.

1100 1492 1155 1526 13.
1170 1494 1387 1536 Expungam]
1399 1491 1528 1525 Sensus
1539 1499 1608 1524 est:
1622 1489 1691 1524 uti-

1050 1557 1133 1578 nam
1160 1545 1263 1578 illum
1294 1556 1388 1577 mors
1419 1544 1532 1590 rapiat
1547 1567 1558 1584 ,
1587 1544 1689 1589 cujus

1049 1597 1228 1632 hereditas
1240 1597 1328 1630 mihi
1341 1596 1543 1642 continget;
1556 1595 1611 1629 vel
1625 1607 1690 1641 po-

1051 1651 1122 1685 tius
1131 1649 1292 1684 deleatur
1305 1662 1324 1683 e
1336 1656 1546 1682 testamento
1558 1660 1691 1682 nomeu

1052 1705 1142 1750 ejus,
1153 1703 1212 1737 cm·
1221 1701 1398 1737 secundus
1409 1701 1510 1735 heres
1522 1699 1689 1734 succedo.

1051 1760 1308 1800 -Etpungarm
1323 1754 1531 1801 Metaphora
1546 1753 1656 1800 petita
1671 1765 1692 1787 e

1052 1809 1209 1843 numeris
1221 1808 1376 1842 militum
1385 1832 1397 1849 ‚
1410 1815 1451 1841 ut
1468 1814 1563 1840 recte
1574 1813 1694 1840 censet

1053 1871 1121 1897 vet.
1130 1861 1288 1908 interpr.:
1299 1861 1338 1894 in
1351 1861 1420 1894 illis
1428 1859 1525 1894 enim
1534 1859 1693 1893 militum

1054 1915 1199 1949 nomina
1213 1923 1294 1961 post
1309 1914 1508 1949 missionem
1521 1922 1584 1948 ant
1598 1925 1692 1948 mor·

1055 1977 1128 2003 tem
1139 1967 1367 2011 delebantur3
1380 1968 1438 2002 vel
1448 1980 1468 2001 e
1478 1967 1578 2001 libris
1590 1966 1696 2002 ratio-

1055 2033 1164 2055 num:
1182 2022 1219 2054 in
1237 2021 1293 2054 his
1310 2028 1431 2055 autem
1442 2045 1453 2062 ‚
1466 2028 1508 2054 ut
1524 2014 1695 2067 quodque

1056 2086 1189 2107 nomen
1210 2082 1283 2107 erat
1302 2073 1460 2107 solutum
1474 2098 1485 2115 ‚
1499 2073 1616 2106 statim
1639 2072 1695 2105 in-

1057 2127 1255 2161 ducebatur
1268 2152 1278 2168 ,
1297 2134 1359 2160 aut
1377 2127 1698 2170 {xistum—Nam-

1058 2192 1122 2221 que
1138 2188 1184 2211 εει
1196 2180 1365 2211 scabiosus.
1382 2169 1607 2223 Impietatem
1620 2176 1695 2211 voti

1056 2233 1266 2277 ὑποκριτικῶς
1275 2230 1501 2264 excusatione
1508 2233 1596 2264 vana
1605 2243 1696 2276 prae-

1059 2282 1175 2317 tendit
1190 2297 1198 2317 :
1217 2295 1364 2329 nempe,
1380 2282 1582 2328 contagioso
1599 2283 1698 2317 labo·

1060 2348 1139 2369 rans
1160 2348 1252 2381 puer
1274 2334 1400 2368 morbo
1414 2359 1426 2378 ,
1441 2346 1505 2367 cur
1517 2333 1613 2368 vivat
1624 2333 1640 2366 ἓ
1650 2354 1698 2360 --

1061 2391 1235 2422 scabiosus.
1250 2388 1384 2422 Gallice
1397 2412 1407 2429 ‚
1422 2389 1580 2432 malingre
1591 2413 1602 2427 ,
1617 2390 1700 2420 mal-

1060 2443 1144 2475 sain.
1176 2440 1305 2474 Omnia
1339 2452 1418 2486 quae
1447 2439 1698 2486 vituperabant

1063 2494 1216 2529 scabiosa
1240 2493 1406 2528 dicebant
1428 2505 1436 2526 :
1465 2493 1515 2528 sic
1539 2502 1604 2528 sat.
1630 2494 1701 2537 IV,

419 2616 461 2645 V.
487 2616 537 2647 13.
553 2616 756 2658 Expungam.
773 2614 854 2648 cod.
867 2625 954 2646 unus
968 2613 1053 2646 Bibl.
1071 2603 1153 2656 Imp.
1168 2610 1208 2645 n⁰
1225 2613 1312 2654 8273
1325 2635 1335 2653 ,
1351 2622 1546 2655 expugnam-
