1846 3184
333 286 415 338 146

666 279 719 320 A.
754 274 1000 319 PERSII
1043 272 1298 315 FLACCI

387 368 436 412 Si
454 361 695 422 increpuit:
720 374 854 404 cessas
875 355 1092 418 nugator?
1113 355 1348 398 Servitium
1366 369 1463 397 acre

385 446 449 488 Te
464 441 575 485 nihil
590 436 805 498 impellit?
821 451 902 479 nec
916 435 1154 493 quicquam
1171 432 1432 475 extrinsecus
1448 431 1578 473 intrat
1592 463 1604 485 ‚

388 519 519 576 Quod
534 531 688 561 nervos
702 512 861 574 agitet?
882 511 966 555 Sed
983 511 1020 554 si
1035 511 1152 552 intus
1166 542 1179 564 ,
1197 520 1240 552 et
1256 509 1302 550 in
1317 509 1460 566 jecore
1475 523 1588 566 aegro

388 599 636 642 Nascuntur
654 591 850 644 domini3
867 587 943 648 qui
963 599 1014 630 tu
1030 587 1289 647 impunitior
1307 586 1398 629 exis

381 730 459 764 127.
478 718 513 749 Si
533 713 712 756 increpuit:
728 721 851 747 cessas,
871 720 982 750 nuga-

1623 591 1688 625 130

1035 706 1248 739 manumissus
1268 716 1320 743 es,
1341 711 1384 738 ut
1407 702 1454 737 sit
1481 713 1632 736 sensus:
1655 703 1668 733 ι’
1678 726 1690 739 ,

332 773 428 817 ιον-Ρ]
451 770 503 804 Ut
520 766 619 815 apud
640 766 661 799 J
664 776 772 799 uven.
793 770 855 796 sat.
876 761 981 803 XIV,
1029 772 1135 803 puer,
1152 760 1181 798 i,
1194 757 1318 804 inquit
1331 768 1430 791 nunc
1442 768 1562 790 coram
1578 764 1612 788 te
1624 753 1691 788 do-

330 840 365 861 v.
384 825 428 859 63
443 837 451 857 :

331 905 404 934 Vox
423 898 542 931 domini
560 897 635 928 furit
652 893 794 926 instantis
806 892 987 933 virgamque

417 954 561 980 tenentis.
880 952 883 954 ·

336 1037 383 1043 --
393 1015 560 1048 Servitium
570 1023 648 1044 acre
657 1035 667 1051 ,
681 1018 740 1042 etc.
753 1007 884 1041 Nonne
894 1002 988 1038 illud

336 1068 523 1105 servitium
542 1065 607 1100 tibi
626 1075 707 1098 acre
724 1060 891 1101 videtur,
907 1066 942 1092 et
954 1066 990 1091 te

336 1122 493 1171 impellit
511 1120 527 1154 ?
551 1119 683 1153 Nonne
710 1115 829 1149 fateris
857 1122 893 1147 te
920 1123 994 1146 esse

335 1190 483 1214 servum
498 1191 507 1218 ;
525 1182 560 1210 et
580 1171 731 1220 quidem
747 1167 895 1204 δουλείαν
915 1164 993 1201 δου-

335 1234 438 1268 λεύειν
456 1231 545 1266 πάνυ
566 1225 727 1274 ἰσχυράνὶ)
753 1223 798 1269 C’.

390 1285 469 1320 128.
493 1287 535 1316 Te
546 1283 633 1316 nihil
644 1277 824 1324 impellicy]
845 1275 994 1310 Nihilne

339 1348 375 1374 te
406 1345 556 1385 torquet
585 1334 679 1370 illud
712 1330 907 1379 imperium
920 1329 935 1363 ?
948 1349 995 1354 —

339 1396 409 1427 Nec
438 1393 617 1436 quicquam
633 1414 645 1429 ,
675 1397 738 1421 etc.
774 1387 906 1419 Annon
939 1384 996 1418 fu-

338 1448 453 1482 rentis
468 1453 619 1479 externa
631 1455 704 1477 vox
718 1441 797 1475 heri
812 1451 878 1486 per
890 1450 995 1472 aures

340 1501 479 1535 intrans
493 1498 590 1545 cogit
607 1506 643 1531 te
658 1507 791 1530 nervos
804 1501 997 1538 totumque

341 1565 479 1600 corpus
499 1551 631 1599 agitare
653 1548 700 1583 ad
722 1544 998 1582 obediendum?

342 1608 401 1642 Ita
414 1618 496 1646 nos,
508 1617 552 1639 ex
563 1610 653 1639 vett.
664 1602 870 1647 interprett.
881 1600 912 1633 J.
922 1598 999 1632 Bri-

342 1669 446 1695 tann.
475 1661 512 1695 J.
535 1659 586 1692 B,
602 1656 690 1698 Pio,
713 1655 871 1689 Nebriss.
896 1653 1000 1687 Mur·

344 1715 440 1749 mell.
450 1721 486 1748 et
495 1712 576 1747 aliis
586 1725 596 1753 ;
608 1719 644 1745 at
654 1709 803 1745 casaub.
811 1708 980 1742 Lubinus
990 1732 1001 1749 ,

345 1769 521 1808 Prateus,
541 1774 578 1800 et
602 1764 663 1799 alii
680 1764 758 1798 haec
781 1761 906 1797 eadem
924 1761 1004 1795 sine

346 1819 630 1867 interrogatione
665 1816 818 1864 legenda
850 1823 1006 1850 conten·

347 1875 467 1918 dunt;
483 1874 558 1909 scil.
578 1872 733 1907 casaub·
757 1872 941 1918 εἷρωνικῶς;
958 1869 1008 1903 ita

348 1937 406 1970 ut,
415 1927 487 1963 levi
501 1934 646 1969 tantum
658 1925 875 1966 mutatione,
886 1934 1009 1958 sensus

347 1982 500 2017 minime
513 1979 622 2014 distet
637 1980 682 2013 ab
696 1978 981 2025 interrogatione
998 1989 1007 2010 ε

351 2035 391 2069 Si
412 2034 494 2082 quis
521 2031 692 2067 dominus
718 2031 787 2064 tibi
810 2030 1010 2070 dixerit,i,

346 2101 454 2134 puer,
469 2096 503 2120 et
518 2087 677 2130 strigiles,
694 2094 753 2118 etc.
772 2083 802 2117 si
821 2083 933 2117 iratus
954 2083 1011 2116 in-

354 2139 556 2188 crepuerit,
571 2151 672 2172 cessas
688 2142 849 2182 nugator?
864 2135 1013 2176 scilicet,

354 2194 427 2229 hoc
450 2192 648 2240 imperium
671 2203 752 2225 acre
775 2198 812 2224 te
833 2189 925 2223 nihil
947 2189 1015 2223 im-

357 2247 462 2295 pellit
471 2273 482 2289 ,
496 2255 532 2282 et
545 2245 591 2281 ad
605 2244 785 2293 agendum
797 2252 930 2279 movet.
944 2243 1017 2279 Alii

360 2300 503 2336 addunt
515 2300 592 2336 haec
601 2299 734 2336 verba:
751 2299 871 2343 quippe
880 2298 940 2341 qui
941 2298 1017 2343 jam

1039 811 1162 845 minus
1181 811 1302 857 quivis
1323 822 1426 844 servo
1444 821 1511 843 suo
1523 834 1534 850 ,
1553 818 1586 841 ee
1602 808 1695 850 defer

1037 865 1175 909 strigiles
1181 865 1230 896 ad
1237 865 1356 896 balnea
1363 864 1517 906 Crispini:
1530 864 1559 894 si
1568 864 1691 903 increp.

1039 929 1141 950 cessas
1155 921 1320 960 nugator?
1328 915 1400 950 hoc
1412 915 1597 950 servitium
1614 926 1704 954 acre·

1040 970 1135 1004 nihil
1152 981 1253 1003 nunc
1271 977 1308 1003 te
1326 967 1503 1015 impellit,
1523 967 1694 1015 quoniam

1043 1037 1062 1058 a
1081 1024 1256 1058 servitute
1273 1023 1384 1070 hujus
1407 1021 1547 1056 domini
1561 1023 1635 1069 jam
1653 1021 1696 1053 li·

1045 1078 1190 1112 beratus
1204 1089 1241 1111 es
1255 1102 1267 1119 ‚
1285 1087 1354 1110 nec
1372 1074 1568 1122 quicquam
1587 1074 1699 1111 intrat

1048 1131 1274 1166 extrinsecus
1297 1127 1398 1176 quod
1424 1138 1556 1162 nervos
1576 1127 1698 1172 agitet.

1049 1185 1205 1219 Faveant
1217 1183 1278 1217 alii
1290 1181 1378 1216 huic
1389 1178 1681 1227 interpretationi
1691 1192 1702 1218 ;

1049 1251 1115 1272 nos
1137 1237 1293 1284 primam
1314 1234 1495 1282 potiorem
1506 1258 1518 1275 ,
1532 1241 1569 1268 et
1587 1231 1705 1266 menti

1047 1295 1165 1338 po'e'tae
1187 1289 1465 1325 convenientem
1484 1287 1596 1333 magis
1614 1285 1704 1320 exis-

1049 1346 1228 1379 timamus.
1247 1344 1288 1377 A.

1100 1411 1180 1444 ¹²9-
1201 1400 1266 1431 Sed
1280 1398 1308 1429 si
1325 1398 1433 1434 intus,
1451 1396 1525 1439 eta]
1543 1393 1580 1427 Si
1597 1392 1706 1427 servi-

1050 1461 1166 1487 tutem
1185 1449 1351 1497 corporis
1367 1461 1478 1496 supra
1492 1447 1708 1494 descriptam

1051 1512 1124 1537 tam
1134 1514 1225 1548 aegre
1235 1503 1340 1543 feras;
1351 1500 1395 1542 si,
1405 1506 1597 1546 propterea
1608 1495 1709 1544 quod

1052 1555 1224 1590 dominus
1238 1553 1306 1587 tibi
1323 1551 1607 1598 imperitaverit,
1626 1549 1711 1584 tihi·

1054 1622 1126 1657 que
1142 1608 1328 1643 minitatus
1344 1606 1389 1640 sit
1400 1630 1412 1647 ‚
1431 1614 1467 1639 te
1483 1616 1627 1639 servum
1645 1602 1711 1636 do-

1054 1665 1146 1707 leas;
1161 1671 1300 1709 quanto
1311 1659 1531 1694 miseriorem
1543 1666 1578 1692 te
1587 1669 1627 1691 ac
1637 1668 1712 1690 ser-

1055 1730 1143 1753 vum
1157 1716 1268 1764 magis
1282 1715 1463 1756 aestimare‘
1473 1711 1583 1747 debes
1593 1736 1604 1754 ,
1617 1713 1647 1744 si
1660 1712 1712 1743 in-

1058 1781 1108 1805 tus
1120 1778 1300 1804 nascuntur
1311 1768 1438 1801 domini
1446 1792 1458 1806 ‚
1473 1775 1534 1799 ecc.

1110 1825 1190 1859 130.
1210 1825 1400 1856 Nascuntur
1421 1818 1569 1865 domini]
1591 1818 1715 1864 Impe-

1060 1878 1163 1913 riosae
1182 1877 1261 1924 scil».
1283 1873 1454 1910 libidines
1478 1879 1662 1920 raptantes
1679 1878 1716 1908 te

1063 1932 1231 1981 quolibet
1257 1930 1315 1966 vel
1339 1928 1495 1964 invitum
1510 1951 1522 1968 ‚
1540 1924 1692 1973 *pigritia
1705 1947 1717 1963 ‚

1063 1985 1211 2020 avaritia
1224 2010 1236 2027 ,
1258 1982 1403 2017 luxuria
1413 2007 1426 2024 ‚
1445 1979 1597 2015 ambitio
1610 2003 1621 2020 ‚
1645 1985 1717 2012 etc.

1065 2048 1106 2074 ut
1116 2039 1209 2074 infra
1218 2030 1398 2083 *exemplis
1409 2034 1562 2082 patebit.
1577 2031 1720 2078 Persius

1066 2094 1136 2135 ait,
1155 2095 1241 2125 incus
1258 2091 1351 2124 nasci
1365 2090 1513 2122 dominos
1519 2100 1534 2126 ;
1551 2083 1721 2120 Claudia·

1067 2159 1136 2180 nus
1154 2146 1204 2179 sic
1221 2157 1229 2178 :

1068 2201 1102 2230 si
1122 2200 1249 2234 metuis,
1269 2197 1296 2227 si
1318 2205 1413 2237 prava
1434 2195 1541 2235 cupis,
1560 2193 1588 2223 si
1603 2191 1723 2222 duceris

1152 2247 1213 2283 ira,
1228 2253 1288 2276 etc.
1601 2241 1627 2268 P

1070 2316 1117 2322 —-
1127 2294 1196 2338 Qui
1204 2303 1238 2326 tu
1251 2291 1443 2336 impunitior
1451 2290 1520 2322 exis
1528 2313 1540 2328 ‚
1554 2296 1613 2320 etc.
1621 2283 1724 2328 Quid

408 2412 451 2442 V.
470 2420 546 2450 ¹27·
560 2407 737 2450 Increpuit.
753 2406 902 2440 Colbert.
916 2406 968 2437 111
978 2428 988 2444 ,
1003 2401 1152 2446 increpui
1158 2413 1173 2439 ;
1186 2411 1260 2432 non
1270 2399 1355 2431 male
1369 2404 1456 2430 certe
1466 2419 1476 2435 ,
1489 2402 1527 2427 ut
1538 2395 1580 2427 sit
1593 2404 1725 2426 sensus:

365 2466 392 2497 si
406 2475 467 2507 ego
476 2487 485 2502 ,
498 2463 658 2495 dominus
672 2469 751 2492 tuus
761 2483 771 2499 ,
785 2460 894 2492 dicam
906 2458 989 2490 tihi:
1003 2458 1034 2496 ι’,
1045 2467 1148 2499 puer,
1162 2462 1195 2486 et
1205 2453 1344 2505 strigiles
1356 2451 1404 2482 ad
1417 2451 1504 2482 haln.
1516 2448 1614 2490 Crisp.
1626 2445 1727 2489 defer.

366 2520 401 2550 Si
413 2517 577 2560 increpui,
598 2527 701 2548 cessas
719 2517 889 2558 nugator?
900 2513 1023 2545 Nonne
1038 2511 1105 2542 hoe
1118 2508 1290 2541 servitium
1303 2517 1378 2538 acre
1392 2504 1455 2536 tibi
1470 2504 1601 2535 videtur
1611 2503 1626 2533 Ξ·

412 2574 458 2604 V.
479 2583 492 2603 1
501 2582 556 2613 29.
571 2562 636 2602 Se'd
645 2569 675 2602 si
686 2570 788 2607 intus,
804 2558 883 2599 efin
890 2567 1003 2611 jecore
1014 2576 1111 2608 oegro.
1125 2562 1232 2604 codd,
1246 2560 1377 2593 Pithoei
1386 2582 1396 2598 ,
1408 2558 1553 2591 Colhert.
1565 2558 1599 2587 11
1609 2579 1618 2594 ,
1632 2555 1728 2587 Men-

370 2626 524 2657 tellianus
535 2649 544 2665 ,
562 2624 628 2656 Sed
639 2624 668 2655 si
678 2624 764 2654 intus
776 2630 811 2654 et
811 2623 926 2665 jecore
937 2630 1038 2663 aegto.
1052 2617 1198 2651 Colhert.
1212 2617 1255 2654 V,
1269 2622 1303 2646 et
1313 2612 1454 2658 ejecere
1467 2622 1564 2654 agro.

418 2682 459 2709 V.
487 2680 562 2710 130.
581 2678 779 2710 Nascuntur.
800 2670 850 2707 ita
870 2674 967 2707 codd.
987 2683 1102 2707 omnes
1119 2670 1236 2704 nostri.
1248 2670 1322 2701 Vet.
1341 2666 1447 2699 schol.
1467 2673 1500 2697 et
1511 2664 1604 2696 editt.
1618 2672 1731 2694 recen·

375 2733 473 2764 tim-es
484 2756 492 2771 ,
509 2740 697 2765 nascantur.
714 2733 904 2773 Utrumque
921 2728 1017 2760 bene.
