1846 3184
182 334 269 383 214
399 330 544 375 JANI
582 330 840 376 DOUSAE
875 332 1313 384 SCHEDIASMA

180 417 271 459 post
283 409 504 447 exturbatos
522 411 608 446 illos
619 413 798 447 alumnos
813 412 981 458 Remuli,
995 411 1099 458 loco,
1111 411 1284 459 hercule,
1295 412 1534 452 alienissimo
1581 431 1584 435 ·

178 474 389 521 collocati3
418 472 594 525 inibique
621 477 743 524 exigit
768 488 841 525 pro
871 477 969 513 exiit
978 504 993 522 ,
1022 477 1135 515 nullo
1168 478 1355 515 existente
1389 478 1534 517 idoneo

179 542 323 586 sensu,
343 539 599 590 incogitanter
616 540 876 590 suppositum.
895 542 977 578 Nec
1000 541 1129 579 minor
1151 542 1193 579 in
1217 542 1387 580 editione
1405 545 1534 580 Auso-

179 606 294 643 niana
325 604 493 643 turbatio
509 634 520 651 ,
552 618 639 655 quae
671 606 782 641 eacilit
811 603 929 642 habet
944 633 955 650 ‚
983 613 1023 643 et
1054 619 1190 644 versus
1224 608 1412 659 gemellos
1443 608 1535 646 illos

180 670 359 722 proxime
380 676 634 714 memoratos,
652 677 740 707 ante
762 677 839 707 tres
859 669 954 707 istos
967 698 979 716 ,
1000 683 1101 721 quos
1121 671 1162 708 in
1183 673 1376 710 catalectis
1395 686 1535 723 paren-

179 735 281 773 thesi
296 733 527 770 interclusos
542 732 732 779 diximus,
752 735 849 783 quid
862 743 1078 784 reputemus
1093 737 1195 773 enim
1205 739 1227 773 P
1243 746 1311 774 etc.
1331 750 1535 788 perperam

181 799 390 850 dispositos
405 790 670 849 repraesentat,
687 799 778 836 cum
802 807 891 850 post
908 806 1026 850 eopse
1042 800 1136 838 istos
1154 801 1337 839 collocari
1352 802 1531 840 debeant.

181 864 293 902 Idem
312 863 429 901 etiam
447 862 497 900 de
515 875 630 900 versu
648 863 718 900 illo
739 863 890 901 dictum
907 864 1026 915 'cupio
1041 892 1052 911 ‚

416 935 536 966 Omnia
554 935 720 966 bellorum
737 935 823 966 terra
841 936 994 978 quaesita,
1007 935 1155 978 marique
1166 956 1176 975 ‚

183 998 277 1049 qui,
297 1006 459 1050 propter
482 1011 639 1041 omnem
654 999 865 1036 verborum
881 1012 925 1036 ac
943 999 1218 1037 sententiarum
1239 998 1439 1048 ordinem,
1458 1014 1538 1040 non

184 1064 284 1102 bene
300 1063 522 1114 praemissus
544 1063 690 1115 legitur
706 1063 931 1102 hexametro
947 1063 1033 1110 isti,

421 1138 498 1178 Ipsa
516 1136 606 1167 domi
625 1137 729 1179 leges,
748 1137 896 1187 et‘Graia
914 1136 1053 1168 inventa
1071 1143 1250 1168 retractans
1261 1160 1270 1176 ,
1289 1144 1350 1169 etc.

185 1200 277 1251 qui,
297 1199 329 1238 si
350 1199 471 1238 modo
492 1209 596 1238 recte
620 1201 811 1239 rationem
836 1201 1037 1239 instituere
1062 1201 1250 1247 velimus,
1268 1201 1453 1239 eumdem
1469 1214 1542 1240 au-

185 1265 363 1303 tecedere
381 1265 582 1303 debuerat.
600 1265 664 1303 Ad
682 1266 867 1304 ulteriora
885 1279 1003 1317 porro
1021 1265 1184 1318 gradum
1203 1278 1460 1317 capessamuss

186 1366 224 1396 V.
255 1354 326 1396 35.
354 1354 397 1396 N
399 1369 486 1395 unc
510 1355 643 1413 igitur
664 1354 741 1412 qui
766 1369 833 1396 res
854 1355 1070 1396 Romanas
1088 1354 1272 1412 imperat
1288 1353 1434 1412 intem]

240 1442 341 1479 Mira
370 1442 588 1480 Latinitatis
615 1443 712 1480 ratio
729 1472 740 1489 ,
769 1451 808 1480 et
837 1455 920 1480 non
945 1443 1069 1480 nostri
1096 1441 1286 1480 stomachi
1315 1455 1414 1493 aegre
1440 1442 1541 1479 hano

188 1507 312 1558 ipsam
333 1507 561 1558 coquentis:
583 1507 839 1558 quamobrem
851 1535 862 1554 ,
883 1515 1037 1558 tempus
1053 1506 1149 1551 fuit,
1171 1507 1265 1544 cum
1283 1519 1344 1542 res
1360 1506 1451 1543 istas
1467 1507 1545 1543 Ro-

190 1585 330 1609 manas
347 1572 401 1609 ita
420 1570 709 1624 interpolandas
730 1579 907 1623 putarem
923 1585 933 1608 ε

423 1644 524 1676 Nunc
542 1644 646 1686 igitur
663 1644 724 1686 qui
741 1655 802 1675 rex
818 1645 987 1675 Romanos
1002 1642 1143 1685 imperat
1160 1642 1265 1679 inter,

189 1716 235 1745 ut
260 1707 450 1746 invidiose
474 1706 687 1746 Domitiani
711 1707 923 1759 plusquam
948 1706 1098 1758 regium
1117 1705 1364 1743 dominatum
1379 1693 1549 1756 'sugillet

191 1773 340 1823 poetria
362 1780 516 1810 nostra:
537 1780 624 1811 tum
648 1772 819 1824 phrasim
844 1771 952 1809 illam
968 1800 979 1818 ,
1003 1774 1173 1821 imperat
1196 1772 1295 1806 inter
1318 1771 1543 1815 Romanos,

191 1838 246 1874 sic
264 1837 409 1875 dictam
427 1837 729 1888 interpretemur
741 1866 752 1883 ,
777 1836 981 1889 quomodo
999 1835 1191 1888 Propertii
1211 1834 1318 1872 istud
1333 1848 1342 1871 :

430 1910 474 1939 Ut
492 1919 627 1951 regnem
645 1909 764 1940 mixtas
780 1909 869 1940 inter
886 1908 1027 1940 conviva
1044 1907 1182 1951 puellas.

191 1972 266 2009 nisi
288 1971 320 2008 si
340 1971 429 2023 quis
441 2000 452 2018 ,
474 1981 665 2021 temperat
683 1972 842 2010 rescribi
867 1971 1049 2010 maluerit
1062 2001 1073 2018 ‚
1093 1970 1204 2022 quod
1222 1970 1341 2008 etiam
1365 1968 1447 2006 sine
1467 1967 1551 2007 ulla

192 2036 477 2088 praepositionis
499 2036 663 2081 virtute,
683 2037 868 2073 Romanis
899 2036 1016 2087 ipsis,
1036 2034 1244 2073 accusandi
1271 2046 1364 2072 casu
1390 2032 1550 2084 positis,

193 2101 454 2152 temperandis
474 2109 532 2139 sat
549 2114 631 2138 esse
652 2101 786 2152 possit.
808 2101 886 2139 Sed
904 2114 997 2138 vero
1012 2130 1023 2147 ‚
1041 2102 1140 2137 inter
1154 2099 1260 2137 istud
1272 2127 1283 2145 ‚
1299 2106 1452 2136 tantum
1469 2110 1553 2137 non

193 2166 399 2204 cerebrum
411 2165 558 2204 excutit
569 2166 701 2204 nobis:
717 2174 755 2203 et
767 2165 912 2203 mirum
925 2166 985 2211 ni,
1003 2164 1152 2202 ratione
1165 2164 1330 2215 poetica,
1342 2171 1447 2201 retro
1459 2163 1552 2199 cum

168 2263 172 2268 ,
192 2237 242 2279 τῷ
271 2244 341 2267 rex
365 2230 674 2269 construendum
690 2258 701 2276 ‚
725 2237 772 2266 ut
797 2242 846 2266 ne
875 2229 918 2265 id
947 2228 1109 2279 quidem
1136 2227 1362 2265 Domitiano
1388 2226 1554 2278 dignum

194 2295 337 2333 habeat
352 2294 525 2346 Sulpicia
535 2322 547 2340 ‚
566 2307 686 2347 quem
697 2293 760 2332 vel
772 2293 992 2345 legitimum
1010 2306 1142 2343 regem
1153 2291 1342 2342 appellet,
1362 2290 1528 2327 innuens
1541 2317 1551 2335 ,

196 2369 295 2411 puto
306 2389 316 2406 ,
339 2360 599 2412 principatum
617 2359 702 2408 ejus
719 2358 829 2396 brevi
847 2358 1094 2409 dilapsurum
1107 2385 1119 2403 ‚
1138 2355 1183 2393 id
1201 2355 1311 2406 quod
1331 2355 1447 2392 etiam
1463 2352 1555 2391 Cal-

196 2425 331 2476 liopen
349 2438 459 2463 suam
475 2423 749 2462 vaticinantem
768 2422 921 2460 inducit
939 2430 1073 2473 postea
1087 2450 1099 2468 ‚
1118 2433 1246 2471 neque
1270 2418 1396 2456 multo
1416 2430 1551 2464 secus,

197 2492 316 2541 quam
347 2491 378 2527 si
405 2503 497 2527 cum
524 2477 732 2540 interi-egi&
764 2495 953 2540 potestate
985 2499 1147 2524 summae
1178 2497 1311 2523 rerum
1338 2483 1557 2534 praefuisset

199 2554 319 2591 modo
334 2583 344 2601 ,
365 2555 531 2606 imperio
553 2554 787 2592 excisurum.

201 2648 238 2676 v.
266 2634 335 2691 39.
362 2635 481 2689 Quid
513 2633 733 2677 facimus?
759 2634 936 2689 Graios,
959 2619 1277 2689 heminamque
1301 2629 1557 2690 reliquimus

421 2701 579 2759 urbes]

255 2781 406 2820 Salsum
424 2796 468 2821 ac
490 2783 708 2831 satiricum,
729 2782 839 2835 quasi
859 2795 951 2821 vero
970 2777 1142 2820 nonalia
1161 2779 1266 2819 natio
1286 2777 1406 2833 quam
1424 2781 1558 2818 Graeca
