1846 3184
372 258 430 310 '42
605 258 658 299 A.
689 256 932 300 PERSII
971 256 1222 300 FLACCI
1256 258 1391 301 SAT.
1430 248 1465 301 Ι.

425 338 516 381 Nec
533 339 609 396 qui
625 338 754 396 abaco
773 353 973 381 numeros
984 370 996 392 ‚
1012 349 1054 381 et
1072 350 1185 381 secto
1203 340 1248 380 in
1269 341 1444 398 pulvere
1460 350 1591 383 metas

426 415 514 457 Scit
535 397 675 457 risisse
695 415 835 469 vafer,
855 416 1040 469 multum
1061 415 1244 474 gaudere
1263 427 1457 474 paratus,

422 491 469 533 Si
487 491 646 549 Cynico
664 491 841 532 barbam
860 491 1053 549 petulans
1073 492 1114 534 N
1117 492 1262 533 onaria
1279 493 1418 533 vellat.

423 566 503 608 His
522 582 647 609 mane
664 566 852 609 edictum
865 597 878 620 ,
895 578 991 625 post
1008 566 1209 625 prandia,
1228 567 1469 609 Callirhoen
1491 566 1561 609 do.

364 705 450 735 nus,
463 692 652 727 dimidium
665 692 805 727 sextarii
818 693 1003 727 continens

367 748 471 792 (litre
481 772 492 788 ‚
508 747 638 792 030⁶).
656 746 723 780 Hic
737 772 748 789 ,
765 759 832 793 pro
847 747 1003 793 qualibet

365 799 725 834 mensum—Atrea<
740 800 774 833 N
775 812 845 833 unc
858 803 982 833 Arezzo
991 826 1003 840 ,

363 853 515 887 Etruriae
527 852 720 899 oppidum,
735 853 828 886 vasis
835 851 1004 888 fictilibus

364 904 547 952 quondam
563 905 710 938 celebre.
726 905 766 938 P.

414 958 493 992 131.
513 960 580 990 Nec
598 959 657 1000 qui
670 959 773 990 abaco
794 970 949 991 numeros.
961 982 1003 992 ..-

362 1013 423 1044 scit
434 1013 564 1055 risisse]
578 1010 661 1044 Haec
687 1009 732 1043 ad
756 1009 868 1043 studii
886 1011 1004 1056 philo-

360 1064 500 1110 sophici
525 1072 561 1098 et
585 1063 810 1097 scientiarum
829 1062 1002 1099 detrecta-

362 1127 456 1152 tores
468 1125 627 1164 spectant
632 1120 802 1151 .-—Abaco
817 1131 1002 1151 κανων-οι...

360 1171 566 1217 Descriptos
586 1171 624 1204 in
647 1171 754 1204 abaco
775 1183 943 1204 numeros
957 1172 1000 1205 ab

360 1223 602 1257 arithmeticis.
612 1226 710 1255 —Ec
723 1233 806 1255 secto
825 1225 858 1255 in
870 1226 1002 1267 pulvere

359 1287 476 1318 metas..
490 1276 617 1310 Lineas
640 1275 762 1309 ductas
777 1289 796 1309 a
815 1278 1000 1322 geometris

358 1330 397 1363 in
412 1330 560 1376 pulvere
575 1342 584 1362 τ
603 1341 684 1362 nam
701 1330 750 1362 sic
764 1330 997 1364 mathematici

357 1382 488 1429 figuras
502 1381 758 1416 describebant.
777 1383 821 1415 In
839 1395 877 1416 ea
893 1395 998 1416 occu-

355 1435 503 1482 patione
543 1436 702 1468 intentus
742 1435 969 1469 Archimedes
987 1460 998 1477 ‚

355 1488 468 1535 captis
486 1487 685 1535 Syracusis,
703 1499 722 1521 a
742 1487 852 1521 milite
871 1489 999 1521 Roma·

356 1553 406 1574 no
431 1541 558 1574 misere
580 1540 713 1574 occisus
739 1548 802 1574 est.
821 1540 893 1575 Tit.
916 1541 996 1575 Liv.

357 1594 422 1628 lib.
436 1594 606 1627 XXV.—
617 1596 729 1626 Metus.
744 1593 852 1627 lineas
865 1605 1002 1640 geome-

356 1645 472 1680 tricas.
487 1645 528 1678 P.

406 1699 486 1732 132.
515 1701 654 1731 Multum
677 1700 821 1743 gaudere
839 1708 1019 1742 paratus.

355 1754 440 1795 οἱα]
465 1750 580 1785 Iidem
601 1752 839 1785 abhorrebant
859 1764 879 1785 a
899 1751 998 1785 Grae-

356 1816 482 1838 corum
518 1803 714 1850 disciplinis
734 1830 745 1847 ‚
775 1814 811 1840 et
841 1805 1000 1851 philoso-

354 1858 447 1904 phos
458 1882 469 1899 ‚
485 1858 549 1904 qui
569 1870 588 1892 e
609 1858 745 1892 Graecia
765 1859 912 1892 Romam
931 1859 999 1892 im-

353 1911 551 1957 migrabant
562 1937 572 1953 ‚
587 1910 746 1945 ludibrio
760 1912 950 1946 habebant.

403 1963 483 1998 133.
498 1966 533 1997 Si
544 1959 658 2006 Cynico
671 1967 822 2003 barbam,
835 1964 910 2010 eta]
928 1965 996 2011 Cy-

351 2017 475 2052 nicam
486 2017 546 2051 hic
557 2029 624 2063 pro
638 2017 764 2064 quovis
776 2017 994 2063 philosopho

351 2071 524 2105 nominat.
534 2071 587 2104 De
595 2072 723 2112 cynicis,
731 2069 802 2104 vid.
812 2069 856 2103 ad
866 2071 887 2104 J
890 2083 992 2104 uven.

353 2131 415 2158 sat.
420 2123 528 2164 XIII,
539 2134 554 2156 1
561 2135 578 2157 2
585 2135 600 2156 1
607 2148 618 2164 ‚
629 2131 664 2156 et
675 2123 775 2164 XIV,
787 2122 993 2168 309.——Bar-

353 2179 468 2209 barm...
479 2178 592 2208 vellat.
603 2176 717 2209 Atrox
731 2184 804 2209 erat
815 2176 945 2222 injuria
956 2184 992 2210 et

350 2228 550 2263 ludibrium
558 2228 663 2262 alicui
672 2236 840 2274 tanquam
851 2229 947 2262 fatuo
957 2236 993 2262 et

351 2278 483 2314 stolido
500 2279 645 2314 barbam
657 2279 807 2322 vellere3
825 2278 923 2325 quod
941 2286 991 2313 ta-

351 2345 434 2367 men
449 2345 541 2379 saepe
553 2331 732 2366 accidebat
742 2331 966 2378 philosophis
977 2356 989 2373 ‚

349 2386 545 2432 praesertim
551 2385 695 2432 Cynicis
711 2393 747 2418 et
761 2384 896 2418 Stoicis.
904 2384 988 2419 Hor.

350 2447 413 2473 sat.
429 2438 495 2472 lib.
511 2439 529 2472 I
541 2463 552 2480 ,
571 2439 591 2473 3
604 2464 615 2481 ‚
633 2438 699 2472 suh
715 2437 836 2472 finem.

352 2530 561 2539 .......
584 2509 714 2539 Vellunt
728 2509 786 2538 tibi
801 2508 929 2538 barbam

351 2556 470 2585 Lascivi
479 2556 677 2597 pueri‚'quos
690 2561 724 2587 tn
739 2555 799 2586 nisi
813 2554 894 2587 fuste
905 2557 989 2586 coer-

432 2612 480 2632 ces
490 2624 499 2639 ‚

1055 694 1180 735 Urgeris
1192 693 1284 723 turba
1295 693 1410 724 circum
1421 699 1451 723 te
1462 699 1560 724 stante
1570 716 1579 731 ‚
1593 694 1700 724 miser·

1137 752 1197 782 que

1054 789 1217 829 Rumperis
1223 811 1231 825 ‚
1242 795 1272 819 et
1278 789 1371 818 latras
1379 799 1557 830 magnorum
1564 788 1697 819 maxime

1134 846 1253 877 regum.
1595 835 1673 866 Brit.

1056 925 1103 939 -—.-
1111 908 1269 940 Nonaria.
1283 906 1452 941 Meretrix
1465 919 1544 953 quae
1557 913 1695 952 prostat

1056 959 1101 992 ab
1113 959 1200 993 hora
1213 972 1308 993 nona
1326 968 1362 994 et
1378 973 1398 994 a
1415 959 1567 1007 prandio
1581 985 1592 1002 ,
1609 962 1695 994 cum

1051 1013 1125 1058 jam
1140 1012 1287 1057 negotiis
1300 1012 1460 1046 homines
1477 1021 1560 1046 sunt
1574 1013 1694 1046 minus

1054 1065 1228 1111 occupati.
1240 1084 1287 1090 —
1301 1067 1414 1098 Vellae.
1435 1066 1486 1099 Ut
1508 1066 1588 1099 Laia
1608 1066 1694 1099 Dio-

1054 1118 1134 1164 geni
1148 1118 1211 1164 qui
1224 1117 1444 1152 meretricem
1455 1117 1545 1152 hanc
1552 1118 1692 1154 amavit.

1053 1169 1141 1205 Vid.
1155 1171 1294 1204 Athaen.
1310 1171 1374 1204 lib.
1390 1171 1499 1204 XIII.

1102 1224 1181 1264 134.
1198 1226 1255 1256 His
1271 1237 1368 1257 mane
1382 1226 1544 1268 edictum]
1558 1224 1692 1259 Forum

1051 1289 1155 1310 mane
1168 1285 1290 1323 petant
1299 1303 1310 1320 ,
1325 1277 1388 1311 ubi
1400 1277 1562 1311 Praetoris
1579 1276 1692 1312 edicta

1050 1330 1249 1376 excipiant3
1265 1338 1390 1365 vacent
1410 1330 1561 1366 avaritiae
1577 1338 1611 1364 et
1625 1331 1691 1365 foe-

1050 1383 1130 1416 nori
1154 1382 1616 1417 exercenda—Callirhoen
1634 1385 1690 1417 do.

1052 1437 1130 1470 Hoc
1152 1437 1232 1470 loco
1244 1462 1255 1478 ‚
1274 1437 1435 1471 laborant
1456 1438 1663 1483 interpretes
1679 1449 1689 1470 ε

1050 1489 1110 1523 alii
1137 1497 1294 1523 scortum
1315 1489 1443 1524 volunt
1470 1488 1617 1536 aliquod
1640 1490 1691 1523 fa-

1052 1554 1215 1584 mosum;
1231 1541 1290 1575 alii
1303 1541 1457 1575 scenicos
1473 1540 1578 1575 ludos
1591 1550 1626 1576 et
1640 1542 1691 1575 fa-

1051 1595 1172 1628 bulam
1182 1593 1227 1628 de
1236 1594 1413 1628 Callirhoe
1425 1602 1511 1628 tunc
1520 1595 1691 1640 temporis

1050 1647 1211 1681 exhiberi
1226 1647 1385 1689 solitam3
1401 1647 1460 1680 alii
1476 1647 1691 1681 natationem

1051 1708 1086 1734 et
1113 1699 1434 1734 deambulationem
1460 1701 1474 1744 (
1490 1700 1615 1734 allusio
1644 1699 1690 1733 ad

1051 1752 1185 1786 fontem
1210 1752 1249 1786 in
1276 1752 1392 1786 Attica
1417 1752 1560 1798 regione
1583 1751 1690 1786 Calli·

1051 1806 1140 1839 rhoe
1176 1804 1402 1839 nominatum
1429 1806 1457 1850 ).
1496 1804 1691 1840 Contendit

1052 1858 1233 1892 Marcilius
1244 1857 1470 1893 referendum
1483 1870 1557 1892 esse
1569 1856 1614 1892 ad
1622 1858 1657 1892 N
1657 1870 1690 1892 e-

1051 1922 1175 1943 ronem
1187 1934 1198 1951 ‚
1217 1909 1282 1956 qui
1300 1909 1478 1955 populum
1495 1907 1613 1943 edicto
1623 1921 1688 1943 vo-

1046 1970 1153 2004 caret,
1160 1970 1195 1996 et
1205 1970 1431 1996 cantaturum
1440 1974 1478 1996 se
1486 1961 1687 1997 Callirhoen

1045 2015 1269 2061 promitteret
1279 2039 1290 2057 ,
1307 2023 1349 2049 ut
1363 2014 1410 2048 sit
1422 2014 1531 2048 Persii
1543 2026 1663 2048 sensus
1676 2025 1686 2047 ε

1044 2068 1128 2101 tales
1140 2080 1205 2114 ego
1218 2067 1397 2102 auditores
1407 2067 1492 2101 hinc
1503 2080 1523 2100 a
1535 2067 1622 2101 meis
1633 2079 1687 2100 sa-

1044 2120 1122 2154 tiris
1151 2121 1274 2168 ablego
1301 2120 1346 2154 ad
1371 2118 1565 2154 audiendos
1594 2119 1687 2153 Prae-

1044 2180 1137 2206 tores
1148 2185 1263 2215 mane,
1270 2181 1305 2207 et
1312 2180 1394 2219 post
1403 2171 1553 2219 prandia
1561 2171 1686 2217 inepta

1043 2226 1194 2260 Neronis
1207 2226 1374 2260 carmina.
1387 2225 1469 2259 Non
1486 2224 1576 2258 male
1593 2225 1662 2258 hoc
1672 2250 1683 2267 ,

1042 2278 1112 2312 nisi
1144 2287 1232 2312 esset
1265 2291 1360 2312 mera
1398 2279 1600 2325 conjectura
1639 2278 1685 2311 ab

1042 2331 1159 2366 edicto
1185 2332 1336 2366 Neronis
1361 2330 1406 2365 de
1426 2331 1543 2364 fabula
1562 2343 1625 2364 sua
1645 2331 1684 2364 in

1043 2385 1260 2419 Callirhoen.
1280 2386 1354 2419 Nos
1376 2384 1486 2431 igitur
1507 2384 1550 2417 iis
1568 2396 1684 2417 assen-

1042 2439 1154 2473 timur
1165 2464 1176 2481 ‚
1201 2439 1267 2485 qui
1295 2439 1370 2473 haec
1402 2438 1608 2484 intelligunt
1637 2436 1684 2470 de

1041 2500 1158 2526 scorto
1176 2491 1326 2534 celebri,
1346 2490 1391 2525 ad
1422 2490 1522 2537 quod
1543 2491 1683 2538 ineptos

1040 2546 1188 2581 lectores
1206 2546 1324 2580 mittat
1342 2545 1496 2579 Persius.
1517 2544 1559 2578 A.

1839 2347 1846 2383 ..ψ-ι.
1835 2307 1846 2342 fn*
1833 2299 1846 2302 ἰ
1832 2179 1846 2293 'Mu-q·—
1836 2162 1842 2172 Δ
