1846 3184
712 284 970 327 SATIRA
1009 286 1082 327 11.

1508 289 1562 332 53

292 368 462 412 Exemit
477 381 660 427 puerum
670 398 683 420 ,
702 366 976 424 frontemque
992 377 1119 424 atque
1138 366 1225 408 uda
1238 367 1391 410 labella
1404 399 1417 420 ,

291 443 448 487 Infami
468 443 604 502 digito
623 453 666 485 et
686 442 932 485 lustralibus
953 453 1051 484 ante
1073 443 1236 495 salivis,

288 519 442 578 Expiat
455 550 468 574 ,
487 529 658 560 urentes
680 519 824 561 oculos
847 518 1043 560 inhibere
1065 518 1213 576 perita.

288 595 414 637 Tunc
422 595 621 637 manibus
629 594 780 652 quatit,
787 605 830 636 et
839 609 956 652 spem
966 609 1167 648 macram,
1175 594 1369 657 supplice
1376 604 1493 647 voto,
1518 599 1561 635 35

230 737 247 751 ι
260 720 361 756 erob.
374 720 440 755 Ille
453 719 528 755 dies
539 729 574 755 et
586 721 754 755 lustricus
765 733 866 755 voca-

914 720 1044 754 lutum.
1058 721 1198 755 Petron.
1208 724 1288 754 Mox
1300 723 1461 754 turbatum
1470 732 1562 765 sputo

229 790 247 804 ι
260 773 366 807 hatur
374 797 385 814 ‚
399 773 483 819 quia
497 773 712 808 lustrabatur
728 773 862 815 insans;
910 777 1071 818 pulverem
1083 777 1186 807 medio
1198 777 1324 807 sustulit
1333 776 1434 818 digito
1442 800 1452 813 ‚
1460 776 1560 818 fion-

229 841 246 856 ·
257 825 347 860 item
357 825 562 868 nominalis,
577 826 662 872 quia
674 838 804 860 nomen
814 826 865 858 illi

228 893 245 908 ι
259 877 463 912 findebatur.
478 903 487 911 .
501 904 510 911 .
525 904 534 912 .
560 878 620 912 illa
646 878 757 924 igitur
783 877 841 911 die
853 902 864 919 ‚

227 946 244 960 ι
255 942 410 976 puerum
424 930 621 964 lustrabant
635 931 759 976 (quam
771 930 866 963 caeri-

227 999 244 1013 ι
258 983 415 1017 moniam
428 982 597 1016 describit
611 983 772 1017 hocloco
786 983 866 1016 Per·

227 1051 243 1065 ι
257 1036 353 1079 sius)
363 1060 375 1076 ‚
392 1047 522 1069 nomen
542 1035 594 1068 illi
607 1036 859 1082 imponebant,

228 1103 244 1117 ι
259 1099 300 1120 ac
310 1095 392 1121 vota
405 1099 473 1133 pro
486 1099 529 1121 eo
543 1088 735 1128 faciehant,
748 1103 763 1117 ι
785 1100 864 1134 quae

224 1147 306 1173 vota
314 1139 423 1173 refert
430 1139 562 1185 pariter
570 1140 728 1174 satiricus
736 1147 863 1174 noster.

223 1195 463 1224 -Maoertem
480 1190 701 1239 Μητραδελφῆ
713 1220 723 1234 ,
742 1193 863 1228 matris

223 1256 326 1278 soror
335 1269 347 1285 ‚
361 1245 460 1291 quasi
473 1251 584 1278 mater
594 1244 712 1278 altera.
725 1243 862 1279 Conve-

200 1311 202 1313 >
221 1296 369 1330 aiebat
387 1294 434 1330 ad
453 1295 643 1330 nominalia
667 1296 784 1330 omnis
805 1308 862 1330 oo·

224 1347 357 1394 gnatio.
381 1347 571 1382 Lustrandi
598 1355 718 1382 autem
741 1356 860 1394 partes

217 1400 561 1447 propriepiatricum
567 1400 858 1434 muliercularum

219 1452 342 1493 fuere,
355 1464 437 1498 qun
457 1459 558 1486 erant
580 1464 668 1486 anus
688 1460 857 1494 recocta,

218 1502 494 1538 circada-endi
506 1529 519 1545 ‚
546 1512 582 1538 et
614 1504 777 1537 omnium
808 1505 858 1538 ri-

217 1564 323 1590 tuum
355 1556 504 1591 illorum
534 1557 672 1603 peritae.
690 1578 739 1583 —
763 1559 858 1590 cunis

216 1610 344 1642 menuit-
365 1609 415 1642 Ut
434 1621 588 1655 presens
610 1609 790 1643 sisteretur
810 1609 856 1643 ad

215 1673 313 1695 mea-a
324 1674 405 1708 quc
418 1674 487 1707 pro
502 1662 614 1707 ipsius
628 1662 761 1705 salute,
777 1670 857 1696 tum

215 1714 292 1748 aliis
308 1714 385 1748 Diis
403 1715 616 1761 Doehusque
626 1739 638 1756 ‚
652 1723 732 1748 tum
751 1715 855 1749 etiam

215 1766 300 1800 Dee
312 1766 461 1800 Cuuinae
477 1766 621 1800 fiebant.
647 1767 689 1800 C.

263 1822 320 1857 32.
330 1827 542 1867 Fronoemqroe
551 1834 626 1867 aeq;
638 1826 702 1857 uda
714 1826 855 1869 labeum]

215 1873 386 1921 Egregius
395 1876 426 1909 is
437 1876 546 1910 Persii
558 1876 656 1910 locus
669 1875 715 1910 de
726 1876 853 1910 ritibus

214 1927 346 1973 quibus
362 1940 483 1962 recens
502 1928 575 1962 nati
595 1929 850 1963 lustrabantur.

214 1979 310 2013 Hinc
317 1979 479 2014 videmus
491 1981 633 2020 salivam
644 1981 782 2015 solitam
793 1980 854 2015 ad-

212 2031 346 2065 moveri
354 2031 400 2066 ad
412 2033 565 2066 fromem
576 2041 611 2067 et
618 2033 715 2067 labra
723 2045 850 2068 eorum

211 2082 328 2128 (idem
338 2084 436 2131 apud
446 2086 653 2120 christianos
661 2086 850 2132 baptisma-

208 2136 254 2170 tis
270 2135 423 2171 diem
437 2139 594 2183 exstat),
607 2137 717 2185 idque
733 2137 846 2186 digito

208 2187 350 2223 infami.
366 2189 410 2224 C.

255 2239 310 2274 33.
319 2241 443 2284 Iasami
449 2241 573 2287 digitu]
585 2241 630 2275 Id
641 2249 704 2283 est,
714 2241 844 2276 medio.

206 2292 283 2328 Cur
294 2301 414 2328 autem
431 2293 571 2328 infamis
589 2294 731 2329 dicatur
740 2320 752 2338 ,
765 2294 839 2329 vid.

206 2343 395 2380 adJuven.
409 2353 473 2379 sat.
486 2346 520 2389 X
531 2370 543 2387 ‚
557 2359 593 2380 v.
608 2346 665 2380 53.
675 2350 771 2379 —Et
779 2349 842 2379 lus-

206 2398 340 2430 nulibus
353 2407 430 2430 ame
442 2399 555 2431 salivis.
568 2399 612 2432 In
630 2398 843 2444 expiationi·

204 2449 274 2483 bus
296 2450 434 2496 antiqui
462 2463 535 2485 non
564 2463 696 2485 meram
728 2451 843 2485 solum

207 2500 421 2536 adhibebant
441 2503 610 2545 salivam3
629 2502 690 2537 sed
710 2511 746 2537 et
766 2504 844 2549 pul-

203 2565 325 2589 verem
344 2563 450 2600 sputo
471 2556 672 2599 turbatum3
687 2556 756 2589 hoc
770 2564 842 2598 est,

915 836 1042 870 temque
1053 828 1197 870 signavit.
1211 827 1361 861 Salivam
1373 835 1491 860 autem
1508 840 1561 860 sa·

913 879 1066 912 lutarem
1090 880 1139 912 ait
1163 879 1254 913 Plin.
1281 879 1345 912 lib.
1369 879 1437 912 XX
1445 881 1556 921 VIII,

915 943 990 977 cap.
1008 937 1040 971 4.
1058 931 1141 973 Quo
1162 932 1200 965 in
1221 932 1358 966 honore
1381 931 1478 977 apud
1497 944 1559 965 ve-

914 992 1004 1017 teres
1026 984 1142 1018 salivae
1162 983 1208 1018 ad
1228 984 1397 1018 maleficia
1416 993 1451 1017 et
1469 985 1559 1019 mala

914 1038 1089 1083 cujusque
1105 1038 1243 1083 generis
1257 1036 1407 1071 arcenda
1422 1038 1558 1072 fuerint

913 1089 1063 1123 effectus
1077 1114 1089 1131 ,
1122 1089 1309 1123 confirmat
1348 1090 1557 1135 exemplum

912 1141 1019 1175 etiam
1041 1141 1170 1176 Christi
1182 1166 1193 1182 ‚
1210 1142 1274 1188 qui
1292 1141 1337 1175 ad
1358 1141 1557 1176 sanandum

911 1193 1128 1240 caecigennm
1155 1193 1279 1228 eadem
1308 1195 1446 1229 ratione
1458 1220 1470 1237 ,
1491 1194 1556 1228 sed

910 1246 1026 1292 specie
1045 1254 1183 1280 tantum
1196 1271 1208 1288 ,
1224 1259 1309 1280 usus
1323 1255 1387 1280 est.
1402 1247 1446 1281 C.
1460 1255 1495 1281 et
1508 1249 1551 1280 A.

957 1298 1016 1339 34.
1036 1301 1166 1331 Utentes
1182 1301 1310 1342 oculos]
1328 1298 1371 1332 Id
1386 1308 1438 1333 est
1450 1325 1460 1341 ,
1474 1299 1557 1333 ene-

909 1356 1047 1388 cantes,
1064 1356 1217 1381 mortem
1239 1349 1440 1383 afferentes.
1458 1348 1548 1383 Vid.

907 1399 999 1434 Plin.
1013 1400 1077 1434 lib.
1092 1401 1166 1433 vn
1178 1425 1189 1441 ‚
1203 1413 1279 1447 cap.
1295 1413 1313 1433 2
1326 1426 1337 1442 ‚
1352 1401 1437 1434 item
1455 1402 1555 1435 fasci·

906 1461 1030 1486 nantes
1041 1465 1050 1486 z
1061 1465 1143 1486 nam
1153 1453 1327 1487 fascinum
1335 1454 1457 1499 pueris
1464 1466 1553 1499 prae·

906 1506 1027 1539 sertim
1048 1505 1122 1538 suis
1145 1505 1336 1546 timebant,
1350 1513 1385 1539 et
1408 1505 1552 1539 salivam

905 1558 1015 1592 solam
1033 1558 1203 1592 eovalere
1222 1557 1429 1597 credebant,
1449 1571 1550 1592 amu·

905 1610 973 1643 leta
991 1610 1099 1644 etiam
1117 1618 1151 1643 et
1173 1621 1229 1643 res
1247 1610 1445 1655 turpiculas
1464 1610 1549 1644 ideo

903 1663 1025 1708 pueris
1049 1661 1308 1708 appendebant.
1326 1662 1433 1696 Hunc
1452 1671 1549 1697 vete-

903 1726 984 1749 rum
990 1727 1147 1748 errorem
1155 1714 1201 1748 de
1210 1715 1549 1761 fascinatione‚cujus

903 1766 1010 1800 hodie
1021 1766 1169 1801 heredes
1182 1775 1266 1800 sunt
1278 1767 1425 1808 Tureae,
1438 1776 1547 1814 atque

903 1819 1008 1853 etiam
1020 1818 1117 1865 apud
1130 1831 1195 1853 nos
1207 1819 1369 1853 homines
1377 1821 1547 1854 rusticani

903 1872 1075 1917 permulti
1085 1896 1096 1913 ,
1109 1879 1208 1905 notat
1219 1872 1320 1918 Virg.
1333 1872 1446 1918 eclog.
1462 1873 1520 1905 111
1534 1885 1544 1904 ι

904 1932 1017 1962 Nescio
1030 1932 1099 1972 quis
1115 1939 1236 1962 teneros
1251 1932 1359 1963 oculus
1369 1933 1445 1962 mihi
1456 1933 1546 1963 fasci—

983 1984 1037 2007 nat
1051 1989 1159 2019 agnos.
1378 1981 1413 2010 C.
1434 1987 1465 2009 et
1484 1981 1522 2009 A.

951 2029 1010 2065 35.
1038 2034 1125 2063 stne
1149 2034 1298 2064 mnibus
1322 2033 1444 2074 quatit,
1464 2034 1545 2076 eta]

900 2082 985 2116 Post
1002 2084 1237 2129 expiationem
1262 2096 1370 2130 quam
1391 2083 1546 2128 descrip-

898 2143 971 2169 tam
979 2135 1135 2169 vidimus
1145 2160 1156 2176 ‚
1171 2136 1410 2182 sequebantur
1422 2147 1544 2180 preces

898 2196 933 2222 et
941 2195 1033 2221 vota.
1042 2187 1136 2221 Ciun
1145 2196 1262 2221 autem
1268 2196 1347 2221 vota
1357 2187 1543 2227 faciebant,

898 2239 1062 2273 manibus
1070 2252 1202 2286 pueros
1212 2247 1356 2285 quatere
1365 2238 1537 2280 solebant,

894 2292 995 2338 quasi
1005 2293 1240 2337 praesentibus
1254 2292 1329 2324 Diis
1341 2291 1420 2324 illos
1432 2291 1542 2325 offer-

893 2353 986 2378 rent.
997 2345 1142 2378 Homer.
1154 2347 1207 2378 De
1216 2345 1382 2385 Hectore,
1392 2343 1495 2377 Iliad.
1508 2346 1537 2384 ζ.

894 2402 1005 2448 Αὐτὰρ
1017 2404 1065 2448 ὅγ’
1074 2404 1106 2436 ὃν
1117 2404 1200 2447 φίλων
1213 2403 1276 2436 ὑιὸν
1290 2402 1359 2436 ἐπεὶ
1368 2403 1444 2436 κύσε
1456 2404 1540 2438 πῆλέ
1574 2414 1579 2417 ·

947 2468 982 2487 τε
1000 2454 1106 2500 χερσὶν
1120 2479 1130 2496 ,

894 2502 992 2539 Εἶπεν
1007 2506 1218 2551 ἐπευξάμενος
1236 2505 1287 2541 Διῒ
1303 2511 1335 2541 τ’
1351 2505 1489 2541 ἄλλοισίν
1500 2520 1539 2541 τε

946 2560 1072 2592 Θεοῖσιν·
1465 2558 1512 2594 C.

249 2657 295 2688 V.
316 2657 369 2688 33.
391 2658 513 2700 Digico.
532 2659 614 2692 eod.
635 2659 724 2699 8274
744 2666 777 2691 et
794 2658 863 2692 duo
880 2659 954 2700 alii,
971 2659 1098 2699 studio,
1112 2660 1205 2693 male.
