<?xml version="1.0" encoding="UTF-8"?>
<!DOCTYPE html PUBLIC "-//W3C//DTD XHTML 1.0 Transitional//EN"
    "http://www.w3.org/TR/xhtml1/DTD/xhtml1-transitional.dtd">
<html xmlns="http://www.w3.org/1999/xhtml" xml:lang="en" lang="en">
 <head>
  <title>
</title>
<meta http-equiv="Content-Type" content="text/html;charset=utf-8" />
  <meta name='ocr-system' content='tesseract 3.04.00' />
  <meta name='ocr-capabilities' content='ocr_page ocr_carea ocr_par ocr_line ocrx_word'/>
</head>
<body>
  <div class='ocr_page' id='page_1' title='image "./satiraeadcodice00persuoft_0290.png"; bbox 0 0 1846 3184; ppageno 0'>
   <div class='ocr_carea' id='block_1_1' title="bbox 289 296 1355 346">
    <p class='ocr_par' dir='ltr' id='par_1_1' title="bbox 289 296 1355 346">
     <span class='ocr_line' id='line_1_1' title="bbox 289 296 1355 346; baseline 0.007 -7"><span class='ocrx_word' id='word_1_1' title='bbox 289 296 375 340; x_wconf 82' lang='lat'>250</span> <span class='ocrx_word' id='word_1_2' title='bbox 534 296 580 340; x_wconf 91' lang='lat' dir='ltr'>C.</span> <span class='ocrx_word' id='word_1_3' title='bbox 618 297 889 342; x_wconf 92' lang='lat' dir='ltr'>LUCILII</span> <span class='ocrx_word' id='word_1_4' title='bbox 930 298 1355 346; x_wconf 87' lang='lat' dir='ltr'><strong>FRAGMENTA</strong></span> 
     </span>
    </p>
   </div>
   <div class='ocr_carea' id='block_1_2' title="bbox 349 383 1355 503">
    <p class='ocr_par' dir='ltr' id='par_1_2' title="bbox 349 383 1355 503">
     <span class='ocr_line' id='line_1_2' title="bbox 892 383 1024 422; baseline 0.015 -2"><span class='ocrx_word' id='word_1_5' title='bbox 892 383 930 420; x_wconf 90' lang='lat' dir='ltr'><strong>X</strong></span> <span class='ocrx_word' id='word_1_6' title='bbox 942 385 961 420; x_wconf 89' lang='grc' dir='ltr'>Ι</span> <span class='ocrx_word' id='word_1_7' title='bbox 973 386 1024 422; x_wconf 86' lang='lat' dir='ltr'><strong>X.</strong></span> 
     </span>
     <span class='ocr_line' id='line_1_3' title="bbox 349 452 1355 503; baseline 0.006 -21"><span class='ocrx_word' id='word_1_8' title='bbox 349 473 1206 487; x_wconf 84' lang='grc'><strong>.................................</strong></span> <span class='ocrx_word' id='word_1_9' title='bbox 1230 452 1332 503; x_wconf 87' lang='lat' dir='ltr'>Ergo</span> <span class='ocrx_word' id='word_1_10' title='bbox 1344 480 1355 498; x_wconf 88' lang='lat'>,</span> 
     </span>
    </p>
   </div>
   <div class='ocr_carea' id='block_1_3' title="bbox 339 510 1330 615">
    <p class='ocr_par' dir='ltr' id='par_1_3' title="bbox 339 510 1330 615">
     <span class='ocr_line' id='line_1_4' title="bbox 339 510 1330 566; baseline 0.006 -18"><span class='ocrx_word' id='word_1_11' title='bbox 339 510 372 548; x_wconf 91' lang='lat' dir='ltr'><strong>E</strong></span> <span class='ocrx_word' id='word_1_12' title='bbox 391 523 528 549; x_wconf 87' lang='lat' dir='ltr'>somno</span> <span class='ocrx_word' id='word_1_13' title='bbox 548 525 692 563; x_wconf 88' lang='lat' dir='ltr'>pueros</span> <span class='ocrx_word' id='word_1_14' title='bbox 709 525 802 550; x_wconf 91' lang='lat' dir='ltr'>cum</span> <span class='ocrx_word' id='word_1_15' title='bbox 823 526 936 550; x_wconf 90' lang='lat' dir='ltr'>mane</span> <span class='ocrx_word' id='word_1_16' title='bbox 955 515 1170 566; x_wconf 82' lang='lat' dir='ltr'>expergitu’</span> <span class='ocrx_word' id='word_1_17' title='bbox 1190 515 1330 554; x_wconf 84' lang='lat' dir='ltr'>clamo.</span> 
     </span>
     <span class='ocr_line' id='line_1_5' title="bbox 909 579 1011 615; baseline 0.01 -1"><span class='ocrx_word' id='word_1_18' title='bbox 909 579 948 614; x_wconf 91' lang='lat' dir='ltr'>X</span> <span class='ocrx_word' id='word_1_19' title='bbox 959 579 1011 615; x_wconf 90' lang='lat' dir='ltr'>X.</span> 
     </span>
    </p>
   </div>
   <div class='ocr_carea' id='block_1_4' title="bbox 330 639 1547 1536">
    <p class='ocr_par' dir='ltr' id='par_1_4' title="bbox 337 639 1315 692">
     <span class='ocr_line' id='line_1_6' title="bbox 337 639 1315 692; baseline 0.006 -15"><span class='ocrx_word' id='word_1_20' title='bbox 337 641 513 678; x_wconf 88' lang='lat' dir='ltr'>Cernuus</span> <span class='ocrx_word' id='word_1_21' title='bbox 532 639 729 691; x_wconf 85' lang='lat' dir='ltr'>extemplo</span> <span class='ocrx_word' id='word_1_22' title='bbox 747 640 898 692; x_wconf 88' lang='lat' dir='ltr'>plantas</span> <span class='ocrx_word' id='word_1_23' title='bbox 917 642 1106 681; x_wconf 65' lang='lat' dir='ltr'>convestit</span> <span class='ocrx_word' id='word_1_24' title='bbox 1122 643 1315 683; x_wconf 89' lang='lat' dir='ltr'>honestas.</span> 
     </span>
    </p>

    <p class='ocr_par' dir='ltr' id='par_1_5' title="bbox 335 706 1507 887">
     <span class='ocr_line' id='line_1_7' title="bbox 891 706 1023 745; baseline 0.008 -1"><span class='ocrx_word' id='word_1_25' title='bbox 891 706 930 744; x_wconf 78' lang='lat' dir='ltr'>X</span> <span class='ocrx_word' id='word_1_26' title='bbox 941 709 980 744; x_wconf 90' lang='lat' dir='ltr'><strong>X</strong></span> <span class='ocrx_word' id='word_1_27' title='bbox 991 709 1023 745; x_wconf 79' lang='grc' dir='ltr'>Ι.</span> 
     </span>
     <span class='ocr_line' id='line_1_8' title="bbox 335 769 1507 821; baseline 0.007 -15"><span class='ocrx_word' id='word_1_28' title='bbox 335 769 635 807; x_wconf 82' lang='lat' dir='ltr'>Broneus-novit</span> <span class='ocrx_word' id='word_1_29' title='bbox 653 769 780 807; x_wconf 86' lang='lat' dir='ltr'>lanius</span> <span class='ocrx_word' id='word_1_30' title='bbox 791 800 803 817; x_wconf 88' lang='lat'>‚</span> <span class='ocrx_word' id='word_1_31' title='bbox 819 771 935 809; x_wconf 81' lang='lat' dir='ltr'>dente</span> <span class='ocrx_word' id='word_1_32' title='bbox 951 772 1113 811; x_wconf 84' lang='lat' dir='ltr'>adverso</span> <span class='ocrx_word' id='word_1_33' title='bbox 1125 803 1137 821; x_wconf 89' lang='lat'>‚</span> <span class='ocrx_word' id='word_1_34' title='bbox 1155 774 1330 813; x_wconf 87' lang='lat' dir='ltr'>eminulo</span> <span class='ocrx_word' id='word_1_35' title='bbox 1340 803 1351 821; x_wconf 94' lang='lat'>‚</span> <span class='ocrx_word' id='word_1_36' title='bbox 1367 774 1431 813; x_wconf 90' lang='lat' dir='ltr'>hic</span> <span class='ocrx_word' id='word_1_37' title='bbox 1447 785 1507 814; x_wconf 89' lang='lat' dir='ltr'>est</span> 
     </span>
     <span class='ocr_line' id='line_1_9' title="bbox 335 834 958 887; baseline 0.002 -15"><span class='ocrx_word' id='word_1_38' title='bbox 335 834 577 873; x_wconf 87' lang='lat' dir='ltr'>Rhinoceros</span> <span class='ocrx_word' id='word_1_39' title='bbox 595 835 704 872; x_wconf 90' lang='lat' dir='ltr'>velut</span> <span class='ocrx_word' id='word_1_40' title='bbox 723 835 958 887; x_wconf 86' lang='lat' dir='ltr'>Aethiopus.</span> 
     </span>
    </p>

    <p class='ocr_par' dir='ltr' id='par_1_6' title="bbox 333 902 1547 1085">
     <span class='ocr_line' id='line_1_10' title="bbox 868 902 1034 939; baseline 0 -1"><span class='ocrx_word' id='word_1_41' title='bbox 868 903 908 938; x_wconf 87' lang='lat' dir='ltr'><strong>X</strong></span> <span class='ocrx_word' id='word_1_42' title='bbox 919 902 959 938; x_wconf 88' lang='lat' dir='ltr'>X</span> <span class='ocrx_word' id='word_1_43' title='bbox 971 903 990 939; x_wconf 95' lang='lat' dir='ltr'>I</span> <span class='ocrx_word' id='word_1_44' title='bbox 1003 902 1034 938; x_wconf 93' lang='lat'>1.</span> 
     </span>
     <span class='ocr_line' id='line_1_11' title="bbox 342 966 1547 1018; baseline 0.006 -16"><span class='ocrx_word' id='word_1_45' title='bbox 342 991 1096 1003; x_wconf 87' lang='grc'><strong>.............................</strong></span> <span class='ocrx_word' id='word_1_46' title='bbox 1119 966 1193 1004; x_wconf 91' lang='lat' dir='ltr'>Ille</span> <span class='ocrx_word' id='word_1_47' title='bbox 1212 966 1309 1005; x_wconf 81' lang='lat' dir='ltr'>alter</span> <span class='ocrx_word' id='word_1_48' title='bbox 1326 967 1547 1018; x_wconf 76' lang='lat' dir='ltr'>abundans,</span> 
     </span>
     <span class='ocr_line' id='line_1_12' title="bbox 333 1031 1413 1085; baseline 0.004 -18"><span class='ocrx_word' id='word_1_49' title='bbox 333 1032 433 1068; x_wconf 90' lang='lat' dir='ltr'>Cum</span> <span class='ocrx_word' id='word_1_50' title='bbox 451 1040 601 1083; x_wconf 88' lang='lat' dir='ltr'><strong>septem</strong></span> <span class='ocrx_word' id='word_1_51' title='bbox 620 1031 829 1070; x_wconf 89' lang='lat' dir='ltr'>incolumis</span> <span class='ocrx_word' id='word_1_52' title='bbox 846 1031 977 1083; x_wconf 88' lang='lat' dir='ltr'>pinnis</span> <span class='ocrx_word' id='word_1_53' title='bbox 995 1031 1118 1077; x_wconf 84' lang='lat' dir='ltr'>redit,</span> <span class='ocrx_word' id='word_1_54' title='bbox 1139 1045 1184 1070; x_wconf 84' lang='lat' dir='ltr'>ac</span> <span class='ocrx_word' id='word_1_55' title='bbox 1203 1033 1342 1085; x_wconf 86' lang='lat' dir='ltr'>recipit</span> <span class='ocrx_word' id='word_1_56' title='bbox 1361 1046 1413 1072; x_wconf 85' lang='lat' dir='ltr'>se.</span> 
     </span>
    </p>

    <p class='ocr_par' dir='ltr' id='par_1_7' title="bbox 855 1098 1052 1134">
     <span class='ocr_line' id='line_1_13' title="bbox 855 1098 1052 1134; baseline -0.005 0"><span class='ocrx_word' id='word_1_57' title='bbox 855 1098 895 1134; x_wconf 89' lang='lat' dir='ltr'><strong>X</strong></span> <span class='ocrx_word' id='word_1_58' title='bbox 906 1098 945 1134; x_wconf 89' lang='lat' dir='ltr'><strong>X</strong></span> <span class='ocrx_word' id='word_1_59' title='bbox 959 1098 976 1134; x_wconf 90' lang='lat'><em>1</em></span> <span class='ocrx_word' id='word_1_60' title='bbox 990 1098 1008 1133; x_wconf 94' lang='lat'>1</span> <span class='ocrx_word' id='word_1_61' title='bbox 1020 1099 1052 1134; x_wconf 89' lang='lat'>1.</span> 
     </span>
    </p>

    <p class='ocr_par' dir='ltr' id='par_1_8' title="bbox 330 1161 1247 1200">
     <span class='ocr_line' id='line_1_14' title="bbox 330 1161 1247 1200; baseline 0.001 -2"><span class='ocrx_word' id='word_1_62' title='bbox 330 1161 517 1199; x_wconf 85' lang='lat' dir='ltr'>Romanis</span> <span class='ocrx_word' id='word_1_63' title='bbox 535 1161 641 1199; x_wconf 88' lang='lat' dir='ltr'>ludis</span> <span class='ocrx_word' id='word_1_64' title='bbox 659 1162 767 1200; x_wconf 84' lang='lat' dir='ltr'>forus</span> <span class='ocrx_word' id='word_1_65' title='bbox 787 1162 882 1200; x_wconf 90' lang='lat' dir='ltr'>olim</span> <span class='ocrx_word' id='word_1_66' title='bbox 902 1163 1052 1200; x_wconf 86' lang='lat' dir='ltr'>ornatu&#39;</span> <span class='ocrx_word' id='word_1_67' title='bbox 1073 1161 1247 1200; x_wconf 84' lang='lat' dir='ltr'>lacernis.</span> 
     </span>
    </p>

    <p class='ocr_par' dir='ltr' id='par_1_9' title="bbox 863 1229 1041 1264">
     <span class='ocr_line' id='line_1_15' title="bbox 863 1229 1041 1264; baseline -0.006 0"><span class='ocrx_word' id='word_1_68' title='bbox 863 1229 902 1264; x_wconf 92' lang='lat' dir='ltr'><strong>X</strong></span> <span class='ocrx_word' id='word_1_69' title='bbox 914 1229 953 1264; x_wconf 88' lang='lat' dir='ltr'><strong>X</strong></span> <span class='ocrx_word' id='word_1_70' title='bbox 966 1229 984 1263; x_wconf 94' lang='lat'>1</span> <span class='ocrx_word' id='word_1_71' title='bbox 993 1230 1041 1264; x_wconf 89' lang='lat' dir='ltr'>V.</span> 
     </span>
    </p>

    <p class='ocr_par' dir='ltr' id='par_1_10' title="bbox 331 1285 1396 1409">
     <span class='ocr_line' id='line_1_16' title="bbox 331 1285 1396 1345; baseline 0.002 -17"><span class='ocrx_word' id='word_1_72' title='bbox 331 1290 580 1340; x_wconf 86' lang='lat' dir='ltr'>Symmachu’</span> <span class='ocrx_word' id='word_1_73' title='bbox 600 1300 785 1343; x_wconf 83' lang='lat' dir='ltr'>praeterea</span> <span class='ocrx_word' id='word_1_74' title='bbox 795 1285 982 1345; x_wconf 73' lang='lat' dir='ltr'>jam⁹tum</span> <span class='ocrx_word' id='word_1_75' title='bbox 1001 1291 1181 1342; x_wconf 84' lang='lat' dir='ltr'>depostu&#39;</span> <span class='ocrx_word' id='word_1_76' title='bbox 1195 1290 1396 1330; x_wconf 83' lang='lat' dir='ltr'>bubulcus</span> 
     </span>
     <span class='ocr_line' id='line_1_17' title="bbox 331 1355 1290 1409; baseline 0.003 -18"><span class='ocrx_word' id='word_1_77' title='bbox 331 1355 537 1407; x_wconf 80' lang='lat' dir='ltr'>Exspirans</span> <span class='ocrx_word' id='word_1_78' title='bbox 557 1357 726 1395; x_wconf 86' lang='lat' dir='ltr'>animam</span> <span class='ocrx_word' id='word_1_79' title='bbox 745 1357 1002 1409; x_wconf 88' lang='lat' dir='ltr'>pulmonibus</span> <span class='ocrx_word' id='word_1_80' title='bbox 1023 1370 1125 1408; x_wconf 81' lang='lat' dir='ltr'>aeger</span> <span class='ocrx_word' id='word_1_81' title='bbox 1142 1356 1290 1408; x_wconf 84' lang='lat' dir='ltr'>agebat.</span> 
     </span>
    </p>

    <p class='ocr_par' dir='ltr' id='par_1_11' title="bbox 877 1424 1024 1460">
     <span class='ocr_line' id='line_1_18' title="bbox 877 1424 1024 1460; baseline -0.014 0"><span class='ocrx_word' id='word_1_82' title='bbox 877 1424 916 1460; x_wconf 90' lang='lat' dir='ltr'><strong>X</strong></span> <span class='ocrx_word' id='word_1_83' title='bbox 928 1424 966 1459; x_wconf 90' lang='lat' dir='ltr'><strong>X</strong></span> <span class='ocrx_word' id='word_1_84' title='bbox 976 1424 1024 1458; x_wconf 83' lang='lat' dir='ltr'>V.</span> 
     </span>
    </p>

    <p class='ocr_par' dir='ltr' id='par_1_12' title="bbox 330 1484 1422 1536">
     <span class='ocr_line' id='line_1_19' title="bbox 330 1484 1422 1536; baseline 0.002 -14"><span class='ocrx_word' id='word_1_85' title='bbox 330 1484 484 1523; x_wconf 84' lang='lat' dir='ltr'>Crebrae</span> <span class='ocrx_word' id='word_1_86' title='bbox 502 1493 547 1522; x_wconf 89' lang='lat' dir='ltr'>ut</span> <span class='ocrx_word' id='word_1_87' title='bbox 567 1485 768 1533; x_wconf 65' lang='lat' dir='ltr'>scintilla-3</span> <span class='ocrx_word' id='word_1_88' title='bbox 787 1486 827 1523; x_wconf 87' lang='lat' dir='ltr'>in</span> <span class='ocrx_word' id='word_1_89' title='bbox 847 1486 1038 1523; x_wconf 85' lang='lat' dir='ltr'>stricturis</span> <span class='ocrx_word' id='word_1_90' title='bbox 1057 1485 1165 1536; x_wconf 87' lang='lat' dir='ltr'>quod</span> <span class='ocrx_word' id='word_1_91' title='bbox 1186 1499 1308 1536; x_wconf 88' lang='lat' dir='ltr'>genus</span> <span class='ocrx_word' id='word_1_92' title='bbox 1327 1485 1422 1524; x_wconf 89' lang='lat' dir='ltr'>olim</span> 
     </span>
    </p>
   </div>
   <div class='ocr_carea' id='block_1_5' title="bbox 327 1550 1107 1640">
    <p class='ocr_par' dir='ltr' id='par_1_13' title="bbox 327 1550 1107 1640">
     <span class='ocr_line' id='line_1_20' title="bbox 327 1550 637 1588; baseline 0 -2"><span class='ocrx_word' id='word_1_93' title='bbox 327 1550 357 1587; x_wconf 88' lang='lat' dir='ltr'>F</span> <span class='ocrx_word' id='word_1_94' title='bbox 357 1550 504 1587; x_wconf 88' lang='lat' dir='ltr'>erventi</span> <span class='ocrx_word' id='word_1_95' title='bbox 522 1550 637 1588; x_wconf 82' lang='lat' dir='ltr'>ferro.</span> 
     </span>
     <span class='ocr_line' id='line_1_21' title="bbox 861 1604 1107 1640; baseline -0.008 0"><span class='ocrx_word' id='word_1_96' title='bbox 861 1604 901 1640; x_wconf 90' lang='lat' dir='ltr'>X</span> <span class='ocrx_word' id='word_1_97' title='bbox 913 1604 952 1640; x_wconf 88' lang='lat' dir='ltr'>X</span> <span class='ocrx_word' id='word_1_98' title='bbox 960 1604 996 1640; x_wconf 88' lang='lat' dir='ltr'><strong>V</strong></span> <span class='ocrx_word' id='word_1_99' title='bbox 1006 1604 1037 1639; x_wconf 91' lang='lat'>1.</span> <span class='ocrx_word' id='word_1_100' title='bbox 1105 1607 1107 1609; x_wconf 83' lang='lat'>&#39;</span> 
     </span>
    </p>
   </div>
   <div class='ocr_carea' id='block_1_6' title="bbox 326 1665 1291 1769">
    <p class='ocr_par' dir='ltr' id='par_1_14' title="bbox 326 1665 1291 1769">
     <span class='ocr_line' id='line_1_22' title="bbox 326 1665 1291 1719; baseline -0.002 -14"><span class='ocrx_word' id='word_1_101' title='bbox 326 1669 413 1705; x_wconf 89' lang='lat' dir='ltr'>Non</span> <span class='ocrx_word' id='word_1_102' title='bbox 432 1668 584 1719; x_wconf 86' lang='lat' dir='ltr'>peperit</span> <span class='ocrx_word' id='word_1_103' title='bbox 597 1697 607 1714; x_wconf 89' lang='lat'>,</span> <span class='ocrx_word' id='word_1_104' title='bbox 623 1681 761 1705; x_wconf 85' lang='lat' dir='ltr'>verum</span> <span class='ocrx_word' id='word_1_105' title='bbox 778 1666 927 1718; x_wconf 53' lang='lat' dir='ltr'>postica</span> <span class='ocrx_word' id='word_1_106' title='bbox 945 1674 1053 1717; x_wconf 86' lang='lat' dir='ltr'>parte</span> <span class='ocrx_word' id='word_1_107' title='bbox 1074 1665 1291 1717; x_wconf 82' lang='lat' dir='ltr'>protundit.</span> 
     </span>
     <span class='ocr_line' id='line_1_23' title="bbox 843 1733 1051 1769; baseline -0.01 0"><span class='ocrx_word' id='word_1_108' title='bbox 843 1733 883 1769; x_wconf 89' lang='lat' dir='ltr'>X</span> <span class='ocrx_word' id='word_1_109' title='bbox 895 1733 935 1768; x_wconf 90' lang='lat' dir='ltr'>X</span> <span class='ocrx_word' id='word_1_110' title='bbox 943 1733 978 1768; x_wconf 90' lang='lat' dir='ltr'><strong>V</strong></span> <span class='ocrx_word' id='word_1_111' title='bbox 988 1733 1007 1768; x_wconf 88' lang='grc' dir='ltr'>Ι</span> <span class='ocrx_word' id='word_1_112' title='bbox 1019 1733 1051 1768; x_wconf 94' lang='grc' dir='ltr'>Ι.</span> 
     </span>
    </p>
   </div>
   <div class='ocr_carea' id='block_1_7' title="bbox 326 1793 1437 1962">
    <p class='ocr_par' dir='ltr' id='par_1_15' title="bbox 326 1793 1437 1962">
     <span class='ocr_line' id='line_1_24' title="bbox 326 1793 1437 1848; baseline 0.001 -16"><span class='ocrx_word' id='word_1_113' title='bbox 326 1797 567 1835; x_wconf 73' lang='lat' dir='ltr'>Conturbare</span> <span class='ocrx_word' id='word_1_114' title='bbox 583 1797 752 1835; x_wconf 85' lang='lat' dir='ltr'>animam</span> <span class='ocrx_word' id='word_1_115' title='bbox 771 1796 874 1848; x_wconf 79' lang='lat' dir='ltr'>potis</span> <span class='ocrx_word' id='word_1_116' title='bbox 894 1804 972 1841; x_wconf 90' lang='lat' dir='ltr'>est,</span> <span class='ocrx_word' id='word_1_117' title='bbox 991 1795 1233 1846; x_wconf 84' lang='lat' dir='ltr'>quicumque</span> <span class='ocrx_word' id='word_1_118' title='bbox 1248 1793 1437 1833; x_wconf 85' lang='lat' dir='ltr'>adoritur.</span> 
     </span>
     <span class='ocr_line' id='line_1_25' title="bbox 828 1857 1359 1898; baseline -0.009 0"><span class='ocrx_word' id='word_1_119' title='bbox 828 1861 867 1898; x_wconf 87' lang='lat' dir='ltr'>X</span> <span class='ocrx_word' id='word_1_120' title='bbox 879 1860 919 1896; x_wconf 92' lang='lat' dir='ltr'>X</span> <span class='ocrx_word' id='word_1_121' title='bbox 930 1857 963 1897; x_wconf 87' lang='lat' dir='ltr'>V</span> <span class='ocrx_word' id='word_1_122' title='bbox 974 1861 993 1896; x_wconf 97' lang='lat' dir='ltr'>I</span> <span class='ocrx_word' id='word_1_123' title='bbox 1005 1861 1023 1896; x_wconf 95' lang='lat' dir='ltr'>I</span> <span class='ocrx_word' id='word_1_124' title='bbox 1036 1861 1067 1896; x_wconf 92' lang='lat'>1.</span> <span class='ocrx_word' id='word_1_125' title='bbox 1350 1863 1359 1865; x_wconf 52' lang='lat'><em>⁴</em></span> 
     </span>
     <span class='ocr_line' id='line_1_26' title="bbox 330 1923 1381 1962; baseline 0.001 -1"><span class='ocrx_word' id='word_1_126' title='bbox 330 1952 1189 1962; x_wconf 82' lang='grc'><strong>.................................</strong></span> <span class='ocrx_word' id='word_1_127' title='bbox 1213 1923 1381 1962; x_wconf 86' lang='lat' dir='ltr'><strong>Lahosas</strong></span> 
     </span>
    </p>
   </div>
   <div class='ocr_carea' id='block_1_8' title="bbox 322 1988 1254 2040">
    <p class='ocr_par' dir='ltr' id='par_1_16' title="bbox 322 1988 1254 2040">
     <span class='ocr_line' id='line_1_27' title="bbox 322 1988 1254 2040; baseline 0 -14"><span class='ocrx_word' id='word_1_128' title='bbox 322 1988 500 2027; x_wconf 83' lang='lat' dir='ltr'>Tantalu’</span> <span class='ocrx_word' id='word_1_129' title='bbox 520 1989 590 2040; x_wconf 89' lang='lat' dir='ltr'>qui</span> <span class='ocrx_word' id='word_1_130' title='bbox 609 2002 742 2040; x_wconf 83' lang='lat' dir='ltr'>poenas</span> <span class='ocrx_word' id='word_1_131' title='bbox 762 1989 814 2038; x_wconf 83' lang='lat' dir='ltr'>ob</span> <span class='ocrx_word' id='word_1_132' title='bbox 833 1989 934 2027; x_wconf 89' lang='lat' dir='ltr'><strong>facta</strong></span> <span class='ocrx_word' id='word_1_133' title='bbox 954 1988 1126 2027; x_wconf 88' lang='lat' dir='ltr'>nefantia</span> <span class='ocrx_word' id='word_1_134' title='bbox 1143 1988 1254 2026; x_wconf 89' lang='lat' dir='ltr'>luvit.</span> 
     </span>
    </p>
   </div>
   <div class='ocr_carea' id='block_1_9' title="bbox 261 2113 1629 2689">
    <p class='ocr_par' dir='ltr' id='par_1_17' title="bbox 261 2113 1629 2689">
     <span class='ocr_line' id='line_1_28' title="bbox 270 2113 1629 2156; baseline 0 -9"><span class='ocrx_word' id='word_1_135' title='bbox 270 2126 324 2147; x_wconf 87' lang='lat' dir='ltr'>ces</span> <span class='ocrx_word' id='word_1_136' title='bbox 342 2114 505 2145; x_wconf 72' lang='lat' dir='ltr'>dicuntur</span> <span class='ocrx_word' id='word_1_137' title='bbox 517 2113 690 2156; x_wconf 80' lang='lat' dir='ltr'><em>asparagi,</em></span> <span class='ocrx_word' id='word_1_138' title='bbox 707 2113 855 2154; x_wconf 82' lang='lat' dir='ltr'>quamvis</span> <span class='ocrx_word' id='word_1_139' title='bbox 870 2124 921 2143; x_wconf 83' lang='lat' dir='ltr'>as·</span> <span class='ocrx_word' id='word_1_140' title='bbox 1023 2114 1078 2144; x_wconf 82' lang='lat'>23.</span> <span class='ocrx_word' id='word_1_141' title='bbox 1099 2113 1231 2145; x_wconf 69' lang='lat' dir='ltr'>Nonius</span> <span class='ocrx_word' id='word_1_142' title='bbox 1248 2125 1256 2144; x_wconf 70' lang='grc' dir='ltr'><strong><em>ε</em></strong></span> <span class='ocrx_word' id='word_1_143' title='bbox 1275 2115 1378 2145; x_wconf 79' lang='lat' dir='ltr'><em>Foras</em></span> <span class='ocrx_word' id='word_1_144' title='bbox 1396 2113 1526 2156; x_wconf 59' lang='lat' dir='ltr'>geneth</span> <span class='ocrx_word' id='word_1_145' title='bbox 1543 2125 1629 2146; x_wconf 66' lang='lat' dir='ltr'>mas-</span> 
     </span>
     <span class='ocr_line' id='line_1_29' title="bbox 263 2167 1088 2210; baseline -0.001 -11"><span class='ocrx_word' id='word_1_146' title='bbox 263 2179 410 2210; x_wconf 77' lang='lat' dir='ltr'><em>paragvs</em></span> <span class='ocrx_word' id='word_1_147' title='bbox 427 2167 600 2209; x_wconf 80' lang='lat' dir='ltr'>pluraliter</span> <span class='ocrx_word' id='word_1_148' title='bbox 618 2167 782 2198; x_wconf 83' lang='lat' dir='ltr'>dicamus.</span> <span class='ocrx_word' id='word_1_149' title='bbox 973 2167 1088 2198; x_wconf 86' lang='lat' dir='ltr'>culini.</span> 
     </span>
     <span class='ocr_line' id='line_1_30' title="bbox 320 2220 1626 2263; baseline 0 -11"><span class='ocrx_word' id='word_1_150' title='bbox 320 2232 374 2263; x_wconf 88' lang='lat'>¹9·</span> <span class='ocrx_word' id='word_1_151' title='bbox 393 2220 569 2253; x_wconf 67' lang='lat' dir='ltr'>Diomedes</span> <span class='ocrx_word' id='word_1_152' title='bbox 579 2243 589 2259; x_wconf 90' lang='lat'>‚</span> <span class='ocrx_word' id='word_1_153' title='bbox 601 2220 661 2251; x_wconf 75' lang='lat' dir='ltr'>lib.</span> <span class='ocrx_word' id='word_1_154' title='bbox 676 2222 693 2252; x_wconf 94' lang='lat'>1</span> <span class='ocrx_word' id='word_1_155' title='bbox 705 2232 712 2251; x_wconf 91' lang='lat'>:</span> <span class='ocrx_word' id='word_1_156' title='bbox 729 2221 917 2263; x_wconf 70' lang='lat' dir='ltr'><em>Expergor,</em></span> <span class='ocrx_word' id='word_1_157' title='bbox 1021 2221 1076 2256; x_wconf 39' lang='lat'>²¹4·</span> <span class='ocrx_word' id='word_1_158' title='bbox 1096 2220 1244 2255; x_wconf 81' lang='lat' dir='ltr'>Nonius:</span> <span class='ocrx_word' id='word_1_159' title='bbox 1259 2221 1430 2262; x_wconf 74' lang='lat' dir='ltr'>Deponore</span> <span class='ocrx_word' id='word_1_160' title='bbox 1447 2227 1495 2252; x_wconf 74' lang='lat' dir='ltr'>eet</span> <span class='ocrx_word' id='word_1_161' title='bbox 1508 2220 1626 2263; x_wconf 70' lang='lat' dir='ltr'>despe-</span> 
     </span>
     <span class='ocr_line' id='line_1_31' title="bbox 268 2273 1625 2317; baseline -0.001 -11"><span class='ocrx_word' id='word_1_162' title='bbox 268 2274 465 2317; x_wconf 74' lang='lat' dir='ltr'>expergitus.</span> <span class='ocrx_word' id='word_1_163' title='bbox 973 2284 1043 2304; x_wconf 80' lang='lat' dir='ltr'>rare</span> <span class='ocrx_word' id='word_1_164' title='bbox 1053 2296 1062 2311; x_wconf 94' lang='lat'><strong>,</strong></span> <span class='ocrx_word' id='word_1_165' title='bbox 1078 2273 1167 2304; x_wconf 85' lang='lat' dir='ltr'>unde</span> <span class='ocrx_word' id='word_1_166' title='bbox 1189 2281 1222 2304; x_wconf 86' lang='lat' dir='ltr'>et</span> <span class='ocrx_word' id='word_1_167' title='bbox 1238 2274 1375 2315; x_wconf 75' lang='lat' dir='ltr'>depositi</span> <span class='ocrx_word' id='word_1_168' title='bbox 1390 2274 1555 2316; x_wconf 74' lang='lat' dir='ltr'>desperati</span> <span class='ocrx_word' id='word_1_169' title='bbox 1573 2274 1625 2304; x_wconf 81' lang='lat' dir='ltr'>di-</span> 
     </span>
     <span class='ocr_line' id='line_1_32' title="bbox 316 2327 1372 2370; baseline -0.004 -10"><span class='ocrx_word' id='word_1_170' title='bbox 316 2339 371 2360; x_wconf 83' lang='lat'>20.</span> <span class='ocrx_word' id='word_1_171' title='bbox 384 2329 536 2360; x_wconf 87' lang='lat' dir='ltr'>Nonius:</span> <span class='ocrx_word' id='word_1_172' title='bbox 553 2327 695 2358; x_wconf 76' lang='lat' dir='ltr'>cernuus</span> <span class='ocrx_word' id='word_1_173' title='bbox 706 2327 828 2359; x_wconf 84' lang='lat' dir='ltr'>dicitur</span> <span class='ocrx_word' id='word_1_174' title='bbox 840 2338 918 2370; x_wconf 82' lang='lat' dir='ltr'><strong>pro·</strong></span> <span class='ocrx_word' id='word_1_175' title='bbox 970 2333 1104 2358; x_wconf 84' lang='lat' dir='ltr'>cuntur.</span> <span class='ocrx_word' id='word_1_176' title='bbox 1370 2327 1372 2330; x_wconf 85' lang='lat'>&#39;</span> 
     </span>
     <span class='ocr_line' id='line_1_33' title="bbox 266 2379 1624 2425; baseline -0.001 -12"><span class='ocrx_word' id='word_1_177' title='bbox 266 2383 340 2425; x_wconf 85' lang='lat' dir='ltr'>prie</span> <span class='ocrx_word' id='word_1_178' title='bbox 357 2382 542 2413; x_wconf 78' lang='lat' dir='ltr'>inclinatus</span> <span class='ocrx_word' id='word_1_179' title='bbox 553 2405 562 2421; x_wconf 87' lang='lat'>,</span> <span class='ocrx_word' id='word_1_180' title='bbox 578 2381 673 2424; x_wconf 82' lang='lat' dir='ltr'>quasi</span> <span class='ocrx_word' id='word_1_181' title='bbox 691 2381 784 2424; x_wconf 87' lang='lat' dir='ltr'>quod</span> <span class='ocrx_word' id='word_1_182' title='bbox 798 2389 918 2412; x_wconf 78' lang='lat' dir='ltr'>terram</span> <span class='ocrx_word' id='word_1_183' title='bbox 1019 2379 1073 2410; x_wconf 79' lang='lat'>25.</span> <span class='ocrx_word' id='word_1_184' title='bbox 1099 2379 1230 2411; x_wconf 75' lang='lat' dir='ltr'>Nonius</span> <span class='ocrx_word' id='word_1_185' title='bbox 1244 2390 1252 2409; x_wconf 77' lang='lat' dir='ltr'><strong><em>z</em></strong></span> <span class='ocrx_word' id='word_1_186' title='bbox 1272 2379 1440 2410; x_wconf 69' lang='lat' dir='ltr'>strictura</span> <span class='ocrx_word' id='word_1_187' title='bbox 1465 2379 1624 2412; x_wconf 80' lang='lat' dir='ltr'>dicuntur</span> 
     </span>
     <span class='ocr_line' id='line_1_34' title="bbox 267 2432 1623 2478; baseline -0.003 -11"><span class='ocrx_word' id='word_1_188' title='bbox 267 2444 389 2468; x_wconf 83' lang='lat' dir='ltr'>cernat.</span> <span class='ocrx_word' id='word_1_189' title='bbox 868 2436 874 2441; x_wconf 83' lang='lat'>&#39;</span> <span class='ocrx_word' id='word_1_190' title='bbox 969 2432 1104 2476; x_wconf 84' lang='lat' dir='ltr'>proprie</span> <span class='ocrx_word' id='word_1_191' title='bbox 1116 2432 1270 2463; x_wconf 72' lang='lat' dir='ltr'>scintillae</span> <span class='ocrx_word' id='word_1_192' title='bbox 1280 2455 1290 2470; x_wconf 90' lang='lat'><strong>,</strong></span> <span class='ocrx_word' id='word_1_193' title='bbox 1304 2442 1378 2474; x_wconf 82' lang='lat' dir='ltr'>quae</span> <span class='ocrx_word' id='word_1_194' title='bbox 1397 2432 1438 2463; x_wconf 82' lang='lat' dir='ltr'>de</span> <span class='ocrx_word' id='word_1_195' title='bbox 1453 2433 1540 2478; x_wconf 74' lang='lat' dir='ltr'>ferm</span> <span class='ocrx_word' id='word_1_196' title='bbox 1557 2433 1623 2464; x_wconf 87' lang='lat' dir='ltr'>fer-</span> 
     </span>
     <span class='ocr_line' id='line_1_35' title="bbox 314 2478 1211 2528; baseline -0.002 -10"><span class='ocrx_word' id='word_1_197' title='bbox 314 2498 332 2518; x_wconf 82' lang='lat'><strong>2</strong></span> <span class='ocrx_word' id='word_1_198' title='bbox 341 2499 354 2518; x_wconf 93' lang='lat'>1</span> <span class='ocrx_word' id='word_1_199' title='bbox 361 2510 368 2517; x_wconf 94' lang='lat'><strong><em>.</em></strong></span> <span class='ocrx_word' id='word_1_200' title='bbox 383 2487 516 2518; x_wconf 88' lang='lat' dir='ltr'>Nonius</span> <span class='ocrx_word' id='word_1_201' title='bbox 527 2498 535 2518; x_wconf 87' lang='lat'>:</span> <span class='ocrx_word' id='word_1_202' title='bbox 548 2478 670 2518; x_wconf 75' lang='lat' dir='ltr'>Br‘onci</span> <span class='ocrx_word' id='word_1_203' title='bbox 681 2493 761 2518; x_wconf 83' lang='lat' dir='ltr'>sunt</span> <span class='ocrx_word' id='word_1_204' title='bbox 771 2486 918 2528; x_wconf 86' lang='lat' dir='ltr'>produc·</span> <span class='ocrx_word' id='word_1_205' title='bbox 971 2486 1062 2518; x_wconf 82' lang='lat' dir='ltr'>venti</span> <span class='ocrx_word' id='word_1_206' title='bbox 1075 2493 1211 2517; x_wconf 80' lang='lat' dir='ltr'>exeunt.</span> 
     </span>
     <span class='ocr_line' id='line_1_36' title="bbox 266 2539 1621 2582; baseline 0.001 -11"><span class='ocrx_word' id='word_1_207' title='bbox 266 2548 300 2571; x_wconf 75' lang='lat' dir='ltr'>to</span> <span class='ocrx_word' id='word_1_208' title='bbox 319 2552 393 2579; x_wconf 86' lang='lat' dir='ltr'>ore,</span> <span class='ocrx_word' id='word_1_209' title='bbox 411 2548 442 2572; x_wconf 89' lang='lat' dir='ltr'>et</span> <span class='ocrx_word' id='word_1_210' title='bbox 459 2541 616 2572; x_wconf 80' lang='lat' dir='ltr'>dentibus</span> <span class='ocrx_word' id='word_1_211' title='bbox 634 2540 914 2582; x_wconf 78' lang='lat' dir='ltr'>prominentibus.</span> <span class='ocrx_word' id='word_1_212' title='bbox 1016 2541 1071 2571; x_wconf 81' lang='lat'>26.</span> <span class='ocrx_word' id='word_1_213' title='bbox 1097 2539 1249 2571; x_wconf 75' lang='lat' dir='ltr'>Nouius:</span> <span class='ocrx_word' id='word_1_214' title='bbox 1275 2539 1436 2570; x_wconf 81' lang='lat' dir='ltr'><em>Posticam</em></span> <span class='ocrx_word' id='word_1_215' title='bbox 1458 2539 1621 2572; x_wconf 73' lang='lat' dir='ltr'>feminino</span> 
     </span>
     <span class='ocr_line' id='line_1_37' title="bbox 312 2592 1573 2638; baseline 0.002 -16"><span class='ocrx_word' id='word_1_216' title='bbox 312 2604 366 2623; x_wconf 84' lang='lat'>22.</span> <span class='ocrx_word' id='word_1_217' title='bbox 385 2595 556 2632; x_wconf 86' lang='lat' dir='ltr'>Donatus,</span> <span class='ocrx_word' id='word_1_218' title='bbox 570 2595 608 2625; x_wconf 88' lang='lat' dir='ltr'>in</span> <span class='ocrx_word' id='word_1_219' title='bbox 629 2594 764 2626; x_wconf 80' lang='lat' dir='ltr'><strong>Phorm.</strong></span> <span class='ocrx_word' id='word_1_220' title='bbox 783 2595 914 2625; x_wconf 79' lang='lat' dir='ltr'>Terent.</span> <span class='ocrx_word' id='word_1_221' title='bbox 968 2604 1087 2638; x_wconf 72' lang='lat' dir='ltr'>genere</span> <span class='ocrx_word' id='word_1_222' title='bbox 1102 2593 1343 2624; x_wconf 67' lang='lat' dir='ltr'>consuetudine</span> <span class='ocrx_word' id='word_1_223' title='bbox 1360 2592 1573 2635; x_wconf 66' lang='lat' dir='ltr'>appellamus,</span> 
     </span>
     <span class='ocr_line' id='line_1_38' title="bbox 261 2640 1457 2689; baseline 0.003 -15"><span class='ocrx_word' id='word_1_224' title='bbox 261 2640 443 2675; x_wconf 76' lang='lat' dir='ltr'>&#39;Abundare</span> <span class='ocrx_word' id='word_1_225' title='bbox 475 2646 598 2677; x_wconf 88' lang='lat' dir='ltr'>dicitur</span> <span class='ocrx_word' id='word_1_226' title='bbox 614 2669 624 2686; x_wconf 91' lang='lat'>‚</span> <span class='ocrx_word' id='word_1_227' title='bbox 657 2646 718 2689; x_wconf 86' lang='lat' dir='ltr'>qui</span> <span class='ocrx_word' id='word_1_228' title='bbox 759 2656 914 2678; x_wconf 74' lang='lat' dir='ltr'>successu</span> <span class='ocrx_word' id='word_1_229' title='bbox 1016 2658 1071 2688; x_wconf 80' lang='lat'>²7·</span> <span class='ocrx_word' id='word_1_230' title='bbox 1090 2646 1296 2678; x_wconf 71' lang='lat' dir='ltr'>Priscianus:</span> <span class='ocrx_word' id='word_1_231' title='bbox 1312 2646 1457 2678; x_wconf 78' lang='lat' dir='ltr'>Adoriri.</span> 
     </span>
    </p>
   </div>
   <div class='ocr_carea' id='block_1_10' title="bbox 264 2695 1620 2744">
    <p class='ocr_par' dir='ltr' id='par_1_18' title="bbox 264 2695 1620 2744">
     <span class='ocr_line' id='line_1_39' title="bbox 264 2695 1620 2744; baseline 0.004 -18"><span class='ocrx_word' id='word_1_232' title='bbox 264 2706 424 2738; x_wconf 78' lang='lat' dir='ltr'>prospero</span> <span class='ocrx_word' id='word_1_233' title='bbox 441 2695 557 2730; x_wconf 82' lang='lat' dir='ltr'>affluit.</span> <span class='ocrx_word' id='word_1_234' title='bbox 1018 2701 1072 2734; x_wconf 80' lang='lat'>28.</span> <span class='ocrx_word' id='word_1_235' title='bbox 1082 2700 1213 2734; x_wconf 74' lang='lat' dir='ltr'>Nonius</span> <span class='ocrx_word' id='word_1_236' title='bbox 1223 2710 1231 2731; x_wconf 72' lang='grc' dir='ltr'>ε</span> <span class='ocrx_word' id='word_1_237' title='bbox 1246 2698 1404 2743; x_wconf 62' lang='lat' dir='ltr'>Nefancia</span> <span class='ocrx_word' id='word_1_238' title='bbox 1409 2723 1421 2740; x_wconf 89' lang='lat'><em>,</em></span> <span class='ocrx_word' id='word_1_239' title='bbox 1432 2710 1495 2744; x_wconf 80' lang='lat' dir='ltr'>pro</span> <span class='ocrx_word' id='word_1_240' title='bbox 1504 2699 1620 2732; x_wconf 81' lang='lat' dir='ltr'>nefan-</span> 
     </span>
    </p>
   </div>
  </div>
 </body>
</html>
