1846 3184
279 335 362 379 322
569 335 941 386 LUCILIANIV
972 336 1335 402 CENTONEs.

328 417 610 470 Horridulum‚
631 419 872 471 quandoque
891 419 1022 471 pudor
1039 419 1090 458 de
1110 428 1267 471 pectore
1284 421 1419 467 cessit,

329 483 516 535 Nequitia
532 492 700 535 occupat
718 483 813 531 hos,
830 484 1068 537 petulantia,
1087 485 1393 538 prodigitasque.

882 550 922 586 X
933 549 970 586 V
979 551 1012 586 I.

333 639 821 651 ...................
1056 615 1206 652 Nostris

327 678 506 716 Munifici
526 686 593 723 ut,
614 689 832 727 manesque
849 677 923 715 viri
938 676 1143 719 videamur
1155 679 1311 727 amicis,

328 743 392 780 Ad
412 755 562 795 coenam
578 740 796 787 adducam,
813 749 852 779 et
870 742 1042 793 primum
1056 741 1165 780 hisce
1180 743 1390 783 abdomina
1403 743 1542 796 thynni

329 806 629 845 Advenientibu'
647 806 755 858 priva
773 806 900 853 dabo,
918 787 1182 858 cephaleaque
1202 816 1355 846 atarnae.

328 874 433 910 Dans
452 871 587 909 bibere
604 870 653 909 ab
674 883 828 909 summo
831 898 1260 909 .................

874 937 915 973 X
924 938 959 974 V
970 937 988 973 1
1000 937 1032 973 1.

339 1027 696 1038 ..............
719 1002 842 1052 Cujus
858 1013 938 1038 non
958 1000 1086 1054 audeo
1103 999 1233 1038 dicere
1251 1003 1421 1040 nomen?

331 1065 439 1112 Quid
456 1065 574 1104 refert
591 1065 705 1103 dictis
723 1065 897 1117 ignoscat
913 1066 1065 1106 Mutius
1075 1094 1086 1111 ‚
1107 1078 1156 1103 an
1171 1078 1252 1103 non
1264 1067 1281 1102 ?

331 1131 394 1169 Sic
413 1139 524 1168 vetus
541 1130 609 1168 ille
631 1132 726 1168 Cato
743 1130 909 1188 dignum
925 1143 1215 1182 quemcumque
1231 1130 1407 1169 lacessim

332 1194 542 1246 Appellare
557 1224 568 1242 ‚
587 1194 697 1246 quod
715 1195 798 1246 ipse
816 1194 892 1232 sibi
911 1207 992 1233 non
1009 1195 1189 1233 conscius
1205 1204 1317 1234 esset.
1355 1235 1358 1237 ,

658 1248 662 1252 ’
861 1261 1002 1298 xvn
1016 1261 1049 1297 1.
1187 1296 1190 1300 .

342 1352 752 1362 ................
774 1324 848 1363 Ille
866 1324 964 1362 alter
976 1323 1182 1362 abundans

336 1392 447 1428 Cum·
456 1397 604 1440 septem
619 1388 829 1427 incolumis
843 1389 973 1440 pinnis
986 1389 1088 1427 redit
1105 1402 1150 1427 ac
1164 1388 1304 1441 recipit
1320 1402 1360 1428 se
1376 1405 1385 1427 :

338 1453 576 1491 Gallinaceu'
595 1466 668 1491 ceu
683 1453 810 1492 victor
826 1467 866 1492 se
881 1454 1006 1505 gallus
1024 1454 1186 1492 honeste

338 1518 504 1557 Sustulit
522 1519 564 1557 in
585 1517 750 1570 digitos,
769 1518 1038 1570 primoresque
1057 1519 1168 1570 erigit
1184 1532 1347 1571 ungues.
1401 1558 1408 1563 ,
