1846 3184
315 225 399 268 208
659 223 1012 269 SULPICIAE
1058 225 1316 270 SATIRA.

371 310 448 351 Ast
467 307 545 350 ubi
567 322 666 366 apes
693 324 839 351 secura
862 308 997 363 redit,
1022 310 1157 352 oblita
1179 310 1375 352 favorum
1612 315 1656 354 ⁵5

374 386 524 439 Plebs,
546 397 766 444 materque
787 402 876 428 una
897 381 1050 429 somno
1073 388 1323 429 moriuntur
1341 387 1491 430 obeso.

371 462 702 505 Romulidarum
720 463 852 520 igitur
869 463 998 522 longa
1014 474 1058 505 et
1074 464 1212 522 gravis
1232 464 1411 506 exitium
1429 479 1526 522 pax.

373 539 476 581 Haec
499 539 653 580 fabella
675 538 806 580 modo
830 553 1007 596 pausam
1029 539 1144 581 facit.
1165 539 1354 597 Optuma
1372 539 1549 598 posthac

371 616 517 669 Musa,
534 615 664 657 velim
683 630 880 668 moneas,
903 615 995 658 sine
1019 631 1106 673 qua
1129 617 1238 658 mihi
1260 617 1379 658 nulla
1398 617 1596 674 voluptas

372 693 547 744 Vivere,
567 692 631 732 uti
648 690 868 749 quondam
882 690 1046 748 Lydus,
1062 691 1168 734 dum
1184 692 1364 750 Smyrna
1379 693 1567 751 peribat,
1615 700 1661 733 6ο

370 769 412 811 N
415 767 670 810 uncitidem
690 768 876 827 migrare
893 768 1047 821 velint3
1075 768 1143 810 vel
1162 768 1353 826 denique
1372 768 1542 826 quidvis

371 846 431 887 Ut
447 845 538 887 Dea
548 877 559 899 ‚
579 860 721 902 quaere
737 844 876 886 aliud:
899 855 1068 886 tantum
1086 845 1280 886 Romana
1295 846 1455 888 Caleno

371 921 554 975 Moenia,
569 919 784 978 jucundos
806 910 1242 978 pariterqueadverte
1262 920 1455 964 Sabinos.

373 999 476 1040 Haec
492 1013 595 1057 ego:
614 1009 707 1040 tum
726 998 876 1056 paucis
894 998 985 1039 Dea
1007 1012 1076 1040 me
1100 997 1304 1055 dignatur
1316 1029 1329 1051 ,
1349 1009 1392 1040 et
1411 997 1532 1040 infit:

371 1075 494 1117 Pone
520 1084 659 1117 metus
682 1089 827 1132 aequos
852 1074 1009 1116 cultrix
1031 1089 1149 1127 mea,
1172 1089 1341 1116 summa
1364 1084 1549 1132 tyranno
1617 1079 1661 1114 65

373 1152 475 1194 Haec
495 1152 654 1194 instant
677 1151 799 1206 odia,
818 1162 860 1193 et
885 1161 1036 1193 nostro
1057 1151 1277 1209 periturus
1301 1151 1469 1193 honore
1489 1161 1565 1193 est.

372 1229 485 1270 Nam
506 1229 670 1270 laureta
692 1228 846 1270 Numae
861 1259 874 1279 ,
893 1227 1120 1285 fontesque
1140 1227 1383 1269 habitamus
1407 1225 1604 1280 eosdem,

372 1306 428 1347 Et
451 1306 607 1347 comite
631 1305 784 1363 Egeria
806 1303 997 1346 ridemus
1022 1303 1168 1345 inania
1191 1314 1341 1361 coepta.

370 1383 496 1434 Vive,
514 1382 627 1434 vale,
644 1392 789 1423 manet
805 1381 924 1422 hunc
942 1380 1175 1439 pulchrum
1193 1390 1268 1421 tua
1285 1379 1397 1421 fama
1413 1378 1610 1421 dolorem

371 1458 596 1501 Musarum
614 1456 798 1515 spondet
814 1456 970 1499 chorus
982 1488 993 1510 ‚
1014 1467 1056 1498 et
1073 1456 1291 1498 Romanus
1307 1454 1478 1514 Apollo.
1619 1472 1666 1506 7⁰

363 1587 421 1622 56.
447 1588 561 1625 Plebs,
579 1594 748 1628 materque
771 1597 858 1630 unq,
876 1584 955 1629 eea]
1013 1571 1120 1626 hem,
1145 1582 1292 1630 opifices
1316 1590 1352 1616 et
1381 1592 1537 1617 matres:
1563 1582 1662 1628 quod

314 1640 436 1686 Vulgo
458 1664 468 1681 ,
489 1639 680 1682 fraterque.
715 1636 854 1671 Plinius
888 1649 962 1671 cra-
1014 1649 1060 1671 an
1080 1637 1196 1683 vespis
1217 1648 1366 1683 quoque
1381 1636 1576 1671 ‘conveniat
1589 1660 1599 1676 ,
1613 1635 1665 1671 vi·

314 1694 472 1728 bronum
495 1691 571 1726 duo
594 1703 725 1739 genera
751 1690 838 1726 facit
852 1715 863 1733 ‚
884 1691 962 1738 ple·
1017 1689 1179 1724 dendum
1194 1698 1258 1724 est.
1280 1692 1318 1723 V.
1335 1690 1432 1723 schol.

361 1820 404 1850 V.
422 1819 479 1856 64.
496 1819 549 1850 Me
567 1817 720 1861 dignatur
736 1824 769 1849 et
785 1815 866 1863 infit.
885 1815 954 1850 Alii
965 1838 975 1856 ‚
991 1826 1042 1847 me
1057 1814 1224 1858 dignarier
1240 1814 1322 1860 infit.
1350 1815 1388 1846 V.
1405 1813 1502 1847 schol.
