1846 3184
462 291 552 336 nx
581 289 790 341 1111110
818 289 1021 332 xxvn
1053 253 1305 332 SATIRJ
1449 305 1530 348 291

864 373 896 409 L
1387 386 1398 394 ,

250 442 349 478 Nam
366 438 431 478 hic
450 437 612 490 quidem
629 437 802 476 reditum
813 373 937 475 {uum
955 435 1073 474 talem
1089 435 1392 487 portendebant,
1407 449 1535 488 neque

196 504 270 543 alia
285 505 327 543 in
344 517 385 542 re
403 503 485 542 ulla
503 502 714 541 offendere.
815 557 850 592 v
861 557 880 592 Ι
893 556 912 591 1

259 651 268 660 .
284 650 294 659 .
310 650 320 659 .
336 650 346 659 .
363 650 372 659 .
388 650 398 658 .
415 639 426 658 .·
441 648 687 658 ..........
710 621 788 656 Has
807 633 829 656 e
848 619 1023 656 fenestris
1042 619 1084 656 in
1103 626 1222 670 caput

248 686 466 738 Dejiciunt,
483 685 553 736 qui
572 698 693 736 prope
711 683 762 721 ad
781 683 926 721 ostium
944 682 1219 734 aspiraverunt.

795 750 831 785 V
842 750 860 784 1
874 750 893 785 1
907 749 940 784 Ι.

250 813 359 851 Nulli
376 827 439 851 me
459 812 650 858 invidere,
671 824 798 862 neque
817 810 1038 848 strabonem
1056 810 1139 849 fieri
1156 811 1297 862 saepius
1315 810 1463 850 deliciis
1475 827 1540 852 me

199 878 377 915 istorum.

828 929 849 965 1
860 929 912 965 X.

250 994 325 1031 Ille
345 1002 480 1031 contra
498 992 627 1030 omnia
650 993 751 1031 inter
775 991 907 1043 plures
931 992 1073 1029 sensim
1099 1000 1138 1030 et
1161 992 1398 1044 pedetentim
1421 993 1514 1031 foris
1527 1022 1541 1040 ,

199 1072 250 1097 ne
266 1072 388 1110 quem
404 1057 532 1096 laedat.
842 1110 882 1146 X

253 1177 334 1212 Nec
363 1175 442 1222 sic,
461 1174 532 1212 ubi
562 1173 709 1220 craeci,
734 1172 805 1211 ubi
835 1186 941 1212 nunc
970 1174 1153 1212 Socratici
1181 1162 1302 1212 cham
1314 1203 1328 1222 ‚
1355 1175 1546 1227 quicquid

202 1239 376 1290 quaeritis
394 1239 575 1289 petimus.
826 1290 865 1326 x
878 1291 897 1326 Ι

257 1355 371 1393 Facio
384 1384 395 1402 ,
414 1355 465 1392 ad
479 1355 661 1392 lenonem
676 1353 791 1392 venio
802 1382 815 1400 ,
834 1353 961 1391 trihus
978 1354 1019 1391 in
1036 1353 1253 1392 libertatem
1268 1355 1445 1393 millibus

257 1420 445 1458 Destinet.

814 1471 855 1508 X
866 1471 886 1507 1
897 1471 930 1507 Ι.

259 1536 427 1584 Ardum,
435 1535 709 1582 miserrimum,
717 1542 835 1586 atque
846 1534 982 1572 infelix
993 1533 1145 1586 lignum
1158 1536 1387 1574 sambucum
1398 1546 1549 1575 vocant.

795 1600 834 1635 X
845 1601 864 1635 Ι
879 1601 897 1634 Ι
908 1600 940 1634 Ῑ.

255 1665 377 1703 Paulo
395 1664 472 1702 hoc
489 1663 629 1701 melius
640 1692 651 1710 ‚
669 1660 788 1713 quam
814 1662 1035 1709 mediocre3
1057 1663 1134 1700 hoc
1160 1664 1290 1701 minus
1312 1665 1460 1703 malum
1473 1695 1485 1714 ‚
1504 1673 1551 1705 ut

214 1743 333 1781 quam
350 1741 574 1781 PGSSlmum.
593 1763 596 1764 γ
809 1780 848 1815 X
859 1780 879 1815 Ι
889 1780 937 1816 ν.

267 1868 939 1882 ..........................
962 1843 1135 1881 proferat
1149 1858 1241 1898 erg-o

261 1911 348 1946 Jam
365 1914 490 1944 vester
508 1905 606 1944 ordo
626 1905 789 1952 scelera,
810 1919 898 1958 quae
917 1907 959 1946 in
980 1920 1021 1944 se
1039 1907 1248 1946 admiserit.

827 1972 868 2008 X
879 1973 928 2008 V.

262 2034 397 2072 Potius
411 2063 422 2081 ,
444 2032 563 2085 quam
580 2038 661 2071 non
675 2047 862 2085 magnum
880 2048 1046 2074 messem
1066 2048 1161 2082 esse,
1181 2050 1261 2075 non
1281 2038 1444 2088 probam
1461 2041 1549 2078 vin-

211 2098 391 2136 demiam.

256 2200 290 2230 6.
309 2199 461 2230 Nonius:
480 2197 673 2240 offendere,
689 2198 819 2231 laedere.
957 2211 1009 2231 10.
1039 2200 1172 2232 Nonius
1191 2212 1199 2231 :
1228 2200 1400 2239 Chartam,
1422 2206 1551 2245 generis

258 2263 292 2292 7.
304 2251 458 2284 Nonius:
476 2251 624 2295 Dejieen
642 2251 765 2283 dieitur
779 2252 854 2284 mit·
905 2252 1091 2283 masculini.

209 2313 290 2339 m
958 2315 972 2334 1
982 2315 1011 2334 1.
1031 2305 1179 2334 Nonius:
1195 2305 1380 2343 Destinaoe,
1396 2319 1514 2341 emere.

260 2360 291 2390 8.
306 2358 457 2390 Nonius:
476 2358 646 2389 Strabone-s
658 2365 737 2389 sunt
747 2380 758 2395 ,
770 2368 857 2399 quos
960 2368 973 2386 1
981 2367 1015 2387 2.
1029 2356 1178 2387 Nonius:
1192 2358 1328 2396 Aulum,
1336 2370 1400 2401 pm
1411 2363 1550 2395 aridum.

213 2411 343 2444 umbos
351 2423 446 2443 nune
454 2412 604 2443 dicimus.
610 2413 718 2442 Varro
727 2409 855 2441 Flexab.
961 2420 975 2439 ι
983 2410 1012 2439 3.
1026 2408 1157 2440 Nouius
1168 2421 1176 2440 z
1188 2411 1394 2444 bredher-icas
1405 2416 1552 2449 medinm

213 2462 314 2493 Multi
338 2464 427 2496 enim
442 2487 453 2503 ,
471 2465 531 2507 qui
553 2463 670 2493 limina
691 2463 859 2493 intrarunt
911 2460 978 2491 dici
991 2461 1106 2491 voluit.

211 2515 351 2556 integri·
365 2517 470 2548 oeul‘u
486 2516 657 2548 strabones
674 2521 754 2546 sunt
767 2514 856 2545 faeti.
961 2520 1013 2551 14.
1030 2514 1183 2546 Nonius:
1200 2515 1366 2558 meerm,
1383 2521 1491 2563 palm
1503 2523 1550 2555 fi-

264 2578 296 2608 9.
316 2566 468 2600 Nonius:
487 2568 684 2600 Pedecemim
702 2574 735 2598 et
754 2566 857 2608 pede-
910 2577 995 2597 cere.

215 2620 351 2662 preoeim
359 2619 485 2652 dictum
495 2629 545 2655 ent
553 2629 662 2661 caute,
672 2621 763 2664 quui
770 2619 858 2653 lenta
959 2631 973 2650 1
982 2621 1011 2651 5.
1024 2621 1170 2655 Nonius:
1180 2624 1323 2664 Messena,
1331 2628 1457 2670 gnari,
1468 2641 1552 2665 mn-

215 2680 248 2705 et
264 2672 353 2704 tarde
365 2672 479 2705 itione.
910 2673 1025 2704 culini.

1247 2748 1312 2789 19.
